%YAML 1.1
%TAG !u! tag:unity3d.com,2011:
--- !u!1 &5039005815423193056
GameObject:
  m_ObjectHideFlags: 0
  m_CorrespondingSourceObject: {fileID: 0}
  m_PrefabInstance: {fileID: 0}
  m_PrefabAsset: {fileID: 0}
  serializedVersion: 6
  m_Component:
  - component: {fileID: 7338277570128401368}
  m_Layer: 0
  m_Name: CornerOut 001 Prefab
  m_TagString: Untagged
  m_Icon: {fileID: 0}
  m_NavMeshLayer: 0
  m_StaticEditorFlags: 0
  m_IsActive: 1
--- !u!4 &7338277570128401368
Transform:
  m_ObjectHideFlags: 0
  m_CorrespondingSourceObject: {fileID: 0}
  m_PrefabInstance: {fileID: 0}
  m_PrefabAsset: {fileID: 0}
  m_GameObject: {fileID: 5039005815423193056}
  m_LocalRotation: {x: 0, y: 0, z: 0, w: 1}
  m_LocalPosition: {x: 0, y: 0, z: 0}
  m_LocalScale: {x: 1, y: 1, z: 1}
  m_Children:
  - {fileID: 5633210749908235217}
  - {fileID: 3120900161978363028}
  - {fileID: 8328834332637644649}
  m_Father: {fileID: 0}
  m_RootOrder: 0
  m_LocalEulerAnglesHint: {x: 0, y: 0, z: 0}
--- !u!1 &5276237575782962436
GameObject:
  m_ObjectHideFlags: 0
  m_CorrespondingSourceObject: {fileID: 0}
  m_PrefabInstance: {fileID: 0}
  m_PrefabAsset: {fileID: 0}
  serializedVersion: 6
  m_Component:
  - component: {fileID: 3120900161978363028}
  m_Layer: 0
  m_Name: Collisions
  m_TagString: Untagged
  m_Icon: {fileID: 0}
  m_NavMeshLayer: 0
  m_StaticEditorFlags: 0
  m_IsActive: 1
--- !u!4 &3120900161978363028
Transform:
  m_ObjectHideFlags: 0
  m_CorrespondingSourceObject: {fileID: 0}
  m_PrefabInstance: {fileID: 0}
  m_PrefabAsset: {fileID: 0}
  m_GameObject: {fileID: 5276237575782962436}
  m_LocalRotation: {x: -0, y: -0, z: -0, w: 1}
  m_LocalPosition: {x: 0, y: 0, z: 0}
  m_LocalScale: {x: 1, y: 1, z: 1}
  m_Children:
  - {fileID: 7258247664910795194}
  - {fileID: 2607263432079421299}
  - {fileID: 7042627902276874954}
  - {fileID: 1505049053557254830}
  - {fileID: 1937580948253997242}
  - {fileID: 1930376009213430904}
  - {fileID: 8766291685873389733}
  - {fileID: 242493281045911861}
  - {fileID: 2354166285290155212}
  m_Father: {fileID: 7338277570128401368}
  m_RootOrder: 1
  m_LocalEulerAnglesHint: {x: 0, y: 0, z: 0}
--- !u!1001 &714318967246968527
PrefabInstance:
  m_ObjectHideFlags: 0
  serializedVersion: 2
  m_Modification:
    m_TransformParent: {fileID: 3120900161978363028}
    m_Modifications:
    - target: {fileID: 6996852743832914283, guid: b580a14239cea1640882c144233e8fb4, type: 3}
      propertyPath: m_Name
      value: BasicBlockPrefab (2)
      objectReference: {fileID: 0}
    - target: {fileID: 7518114797731439621, guid: b580a14239cea1640882c144233e8fb4, type: 3}
      propertyPath: m_LocalPosition.x
      value: 3.0000002
      objectReference: {fileID: 0}
    - target: {fileID: 7518114797731439621, guid: b580a14239cea1640882c144233e8fb4, type: 3}
      propertyPath: m_LocalPosition.y
      value: 0
      objectReference: {fileID: 0}
    - target: {fileID: 7518114797731439621, guid: b580a14239cea1640882c144233e8fb4, type: 3}
      propertyPath: m_LocalPosition.z
      value: -4
      objectReference: {fileID: 0}
    - target: {fileID: 7518114797731439621, guid: b580a14239cea1640882c144233e8fb4, type: 3}
      propertyPath: m_LocalRotation.x
      value: -0
      objectReference: {fileID: 0}
    - target: {fileID: 7518114797731439621, guid: b580a14239cea1640882c144233e8fb4, type: 3}
      propertyPath: m_LocalRotation.y
      value: -0
      objectReference: {fileID: 0}
    - target: {fileID: 7518114797731439621, guid: b580a14239cea1640882c144233e8fb4, type: 3}
      propertyPath: m_LocalRotation.z
      value: -0
      objectReference: {fileID: 0}
    - target: {fileID: 7518114797731439621, guid: b580a14239cea1640882c144233e8fb4, type: 3}
      propertyPath: m_LocalRotation.w
      value: 1
      objectReference: {fileID: 0}
    - target: {fileID: 7518114797731439621, guid: b580a14239cea1640882c144233e8fb4, type: 3}
      propertyPath: m_RootOrder
      value: 2
      objectReference: {fileID: 0}
    - target: {fileID: 7518114797731439621, guid: b580a14239cea1640882c144233e8fb4, type: 3}
      propertyPath: m_LocalEulerAnglesHint.x
      value: 0
      objectReference: {fileID: 0}
    - target: {fileID: 7518114797731439621, guid: b580a14239cea1640882c144233e8fb4, type: 3}
      propertyPath: m_LocalEulerAnglesHint.y
      value: 0
      objectReference: {fileID: 0}
    - target: {fileID: 7518114797731439621, guid: b580a14239cea1640882c144233e8fb4, type: 3}
      propertyPath: m_LocalEulerAnglesHint.z
      value: 0
      objectReference: {fileID: 0}
    m_RemovedComponents: []
  m_SourcePrefab: {fileID: 100100000, guid: b580a14239cea1640882c144233e8fb4, type: 3}
--- !u!4 &7042627902276874954 stripped
Transform:
  m_CorrespondingSourceObject: {fileID: 7518114797731439621, guid: b580a14239cea1640882c144233e8fb4, type: 3}
  m_PrefabInstance: {fileID: 714318967246968527}
  m_PrefabAsset: {fileID: 0}
--- !u!1001 &932188330340312511
PrefabInstance:
  m_ObjectHideFlags: 0
  serializedVersion: 2
  m_Modification:
    m_TransformParent: {fileID: 3120900161978363028}
    m_Modifications:
    - target: {fileID: 6996852743832914283, guid: b580a14239cea1640882c144233e8fb4, type: 3}
      propertyPath: m_Name
      value: BasicBlockPrefab
      objectReference: {fileID: 0}
    - target: {fileID: 7518114797731439621, guid: b580a14239cea1640882c144233e8fb4, type: 3}
      propertyPath: m_LocalPosition.x
      value: 5
      objectReference: {fileID: 0}
    - target: {fileID: 7518114797731439621, guid: b580a14239cea1640882c144233e8fb4, type: 3}
      propertyPath: m_LocalPosition.y
      value: 0
      objectReference: {fileID: 0}
    - target: {fileID: 7518114797731439621, guid: b580a14239cea1640882c144233e8fb4, type: 3}
      propertyPath: m_LocalPosition.z
      value: -4
      objectReference: {fileID: 0}
    - target: {fileID: 7518114797731439621, guid: b580a14239cea1640882c144233e8fb4, type: 3}
      propertyPath: m_LocalRotation.x
      value: -0
      objectReference: {fileID: 0}
    - target: {fileID: 7518114797731439621, guid: b580a14239cea1640882c144233e8fb4, type: 3}
      propertyPath: m_LocalRotation.y
      value: -0
      objectReference: {fileID: 0}
    - target: {fileID: 7518114797731439621, guid: b580a14239cea1640882c144233e8fb4, type: 3}
      propertyPath: m_LocalRotation.z
      value: -0
      objectReference: {fileID: 0}
    - target: {fileID: 7518114797731439621, guid: b580a14239cea1640882c144233e8fb4, type: 3}
      propertyPath: m_LocalRotation.w
      value: 1
      objectReference: {fileID: 0}
    - target: {fileID: 7518114797731439621, guid: b580a14239cea1640882c144233e8fb4, type: 3}
      propertyPath: m_RootOrder
      value: 0
      objectReference: {fileID: 0}
    - target: {fileID: 7518114797731439621, guid: b580a14239cea1640882c144233e8fb4, type: 3}
      propertyPath: m_LocalEulerAnglesHint.x
      value: 0
      objectReference: {fileID: 0}
    - target: {fileID: 7518114797731439621, guid: b580a14239cea1640882c144233e8fb4, type: 3}
      propertyPath: m_LocalEulerAnglesHint.y
      value: 0
      objectReference: {fileID: 0}
    - target: {fileID: 7518114797731439621, guid: b580a14239cea1640882c144233e8fb4, type: 3}
      propertyPath: m_LocalEulerAnglesHint.z
      value: 0
      objectReference: {fileID: 0}
    m_RemovedComponents: []
  m_SourcePrefab: {fileID: 100100000, guid: b580a14239cea1640882c144233e8fb4, type: 3}
--- !u!4 &7258247664910795194 stripped
Transform:
  m_CorrespondingSourceObject: {fileID: 7518114797731439621, guid: b580a14239cea1640882c144233e8fb4, type: 3}
  m_PrefabInstance: {fileID: 932188330340312511}
  m_PrefabAsset: {fileID: 0}
--- !u!1001 &1296379480118555808
PrefabInstance:
  m_ObjectHideFlags: 0
  serializedVersion: 2
  m_Modification:
    m_TransformParent: {fileID: 3120900161978363028}
    m_Modifications:
    - target: {fileID: 6996852743832914283, guid: b580a14239cea1640882c144233e8fb4, type: 3}
      propertyPath: m_Name
      value: BasicBlockPrefab (6)
      objectReference: {fileID: 0}
    - target: {fileID: 7518114797731439621, guid: b580a14239cea1640882c144233e8fb4, type: 3}
      propertyPath: m_LocalPosition.x
      value: 5
      objectReference: {fileID: 0}
    - target: {fileID: 7518114797731439621, guid: b580a14239cea1640882c144233e8fb4, type: 3}
      propertyPath: m_LocalPosition.y
      value: 0
      objectReference: {fileID: 0}
    - target: {fileID: 7518114797731439621, guid: b580a14239cea1640882c144233e8fb4, type: 3}
      propertyPath: m_LocalPosition.z
      value: -1
      objectReference: {fileID: 0}
    - target: {fileID: 7518114797731439621, guid: b580a14239cea1640882c144233e8fb4, type: 3}
      propertyPath: m_LocalRotation.x
      value: -0
      objectReference: {fileID: 0}
    - target: {fileID: 7518114797731439621, guid: b580a14239cea1640882c144233e8fb4, type: 3}
      propertyPath: m_LocalRotation.y
      value: -0
      objectReference: {fileID: 0}
    - target: {fileID: 7518114797731439621, guid: b580a14239cea1640882c144233e8fb4, type: 3}
      propertyPath: m_LocalRotation.z
      value: -0
      objectReference: {fileID: 0}
    - target: {fileID: 7518114797731439621, guid: b580a14239cea1640882c144233e8fb4, type: 3}
      propertyPath: m_LocalRotation.w
      value: 1
      objectReference: {fileID: 0}
    - target: {fileID: 7518114797731439621, guid: b580a14239cea1640882c144233e8fb4, type: 3}
      propertyPath: m_RootOrder
      value: 6
      objectReference: {fileID: 0}
    - target: {fileID: 7518114797731439621, guid: b580a14239cea1640882c144233e8fb4, type: 3}
      propertyPath: m_LocalEulerAnglesHint.x
      value: 0
      objectReference: {fileID: 0}
    - target: {fileID: 7518114797731439621, guid: b580a14239cea1640882c144233e8fb4, type: 3}
      propertyPath: m_LocalEulerAnglesHint.y
      value: 0
      objectReference: {fileID: 0}
    - target: {fileID: 7518114797731439621, guid: b580a14239cea1640882c144233e8fb4, type: 3}
      propertyPath: m_LocalEulerAnglesHint.z
      value: 0
      objectReference: {fileID: 0}
    m_RemovedComponents: []
  m_SourcePrefab: {fileID: 100100000, guid: b580a14239cea1640882c144233e8fb4, type: 3}
--- !u!4 &8766291685873389733 stripped
Transform:
  m_CorrespondingSourceObject: {fileID: 7518114797731439621, guid: b580a14239cea1640882c144233e8fb4, type: 3}
  m_PrefabInstance: {fileID: 1296379480118555808}
  m_PrefabAsset: {fileID: 0}
--- !u!1001 &5196223839690709089
PrefabInstance:
  m_ObjectHideFlags: 0
  serializedVersion: 2
  m_Modification:
    m_TransformParent: {fileID: 7338277570128401368}
    m_Modifications:
    - target: {fileID: 4151707113078979885, guid: 8816d3e82817afb44971c3a609afe99d, type: 3}
      propertyPath: m_Name
      value: WallLight
      objectReference: {fileID: 0}
    - target: {fileID: 4290035709993000712, guid: 8816d3e82817afb44971c3a609afe99d, type: 3}
      propertyPath: m_LocalPosition.x
      value: 2.62
      objectReference: {fileID: 0}
    - target: {fileID: 4290035709993000712, guid: 8816d3e82817afb44971c3a609afe99d, type: 3}
      propertyPath: m_LocalPosition.y
      value: 2.41
      objectReference: {fileID: 0}
    - target: {fileID: 4290035709993000712, guid: 8816d3e82817afb44971c3a609afe99d, type: 3}
      propertyPath: m_LocalPosition.z
      value: -1.32
      objectReference: {fileID: 0}
    - target: {fileID: 4290035709993000712, guid: 8816d3e82817afb44971c3a609afe99d, type: 3}
      propertyPath: m_LocalRotation.x
      value: 0
      objectReference: {fileID: 0}
    - target: {fileID: 4290035709993000712, guid: 8816d3e82817afb44971c3a609afe99d, type: 3}
      propertyPath: m_LocalRotation.y
      value: 0
      objectReference: {fileID: 0}
    - target: {fileID: 4290035709993000712, guid: 8816d3e82817afb44971c3a609afe99d, type: 3}
      propertyPath: m_LocalRotation.z
      value: 0
      objectReference: {fileID: 0}
    - target: {fileID: 4290035709993000712, guid: 8816d3e82817afb44971c3a609afe99d, type: 3}
      propertyPath: m_LocalRotation.w
      value: 1
      objectReference: {fileID: 0}
    - target: {fileID: 4290035709993000712, guid: 8816d3e82817afb44971c3a609afe99d, type: 3}
      propertyPath: m_RootOrder
      value: 2
      objectReference: {fileID: 0}
    - target: {fileID: 4290035709993000712, guid: 8816d3e82817afb44971c3a609afe99d, type: 3}
      propertyPath: m_LocalEulerAnglesHint.x
      value: 0
      objectReference: {fileID: 0}
    - target: {fileID: 4290035709993000712, guid: 8816d3e82817afb44971c3a609afe99d, type: 3}
      propertyPath: m_LocalEulerAnglesHint.y
      value: 0
      objectReference: {fileID: 0}
    - target: {fileID: 4290035709993000712, guid: 8816d3e82817afb44971c3a609afe99d, type: 3}
      propertyPath: m_LocalEulerAnglesHint.z
      value: 0
      objectReference: {fileID: 0}
    m_RemovedComponents: []
  m_SourcePrefab: {fileID: 100100000, guid: 8816d3e82817afb44971c3a609afe99d, type: 3}
--- !u!4 &8328834332637644649 stripped
Transform:
  m_CorrespondingSourceObject: {fileID: 4290035709993000712, guid: 8816d3e82817afb44971c3a609afe99d, type: 3}
  m_PrefabInstance: {fileID: 5196223839690709089}
  m_PrefabAsset: {fileID: 0}
--- !u!1001 &5259668147019466953
PrefabInstance:
  m_ObjectHideFlags: 0
  serializedVersion: 2
  m_Modification:
    m_TransformParent: {fileID: 3120900161978363028}
    m_Modifications:
    - target: {fileID: 6996852743832914283, guid: b580a14239cea1640882c144233e8fb4, type: 3}
      propertyPath: m_Name
      value: BasicBlockPrefab (8)
      objectReference: {fileID: 0}
    - target: {fileID: 7518114797731439621, guid: b580a14239cea1640882c144233e8fb4, type: 3}
      propertyPath: m_LocalPosition.x
      value: 5
      objectReference: {fileID: 0}
    - target: {fileID: 7518114797731439621, guid: b580a14239cea1640882c144233e8fb4, type: 3}
      propertyPath: m_LocalPosition.y
      value: 0
      objectReference: {fileID: 0}
    - target: {fileID: 7518114797731439621, guid: b580a14239cea1640882c144233e8fb4, type: 3}
      propertyPath: m_LocalPosition.z
      value: 0
      objectReference: {fileID: 0}
    - target: {fileID: 7518114797731439621, guid: b580a14239cea1640882c144233e8fb4, type: 3}
      propertyPath: m_LocalRotation.x
      value: -0
      objectReference: {fileID: 0}
    - target: {fileID: 7518114797731439621, guid: b580a14239cea1640882c144233e8fb4, type: 3}
      propertyPath: m_LocalRotation.y
      value: -0
      objectReference: {fileID: 0}
    - target: {fileID: 7518114797731439621, guid: b580a14239cea1640882c144233e8fb4, type: 3}
      propertyPath: m_LocalRotation.z
      value: -0
      objectReference: {fileID: 0}
    - target: {fileID: 7518114797731439621, guid: b580a14239cea1640882c144233e8fb4, type: 3}
      propertyPath: m_LocalRotation.w
      value: 1
      objectReference: {fileID: 0}
    - target: {fileID: 7518114797731439621, guid: b580a14239cea1640882c144233e8fb4, type: 3}
      propertyPath: m_RootOrder
      value: 8
      objectReference: {fileID: 0}
    - target: {fileID: 7518114797731439621, guid: b580a14239cea1640882c144233e8fb4, type: 3}
      propertyPath: m_LocalEulerAnglesHint.x
      value: 0
      objectReference: {fileID: 0}
    - target: {fileID: 7518114797731439621, guid: b580a14239cea1640882c144233e8fb4, type: 3}
      propertyPath: m_LocalEulerAnglesHint.y
      value: 0
      objectReference: {fileID: 0}
    - target: {fileID: 7518114797731439621, guid: b580a14239cea1640882c144233e8fb4, type: 3}
      propertyPath: m_LocalEulerAnglesHint.z
      value: 0
      objectReference: {fileID: 0}
    m_RemovedComponents: []
  m_SourcePrefab: {fileID: 100100000, guid: b580a14239cea1640882c144233e8fb4, type: 3}
--- !u!4 &2354166285290155212 stripped
Transform:
  m_CorrespondingSourceObject: {fileID: 7518114797731439621, guid: b580a14239cea1640882c144233e8fb4, type: 3}
  m_PrefabInstance: {fileID: 5259668147019466953}
  m_PrefabAsset: {fileID: 0}
--- !u!1001 &5307375791997998138
PrefabInstance:
  m_ObjectHideFlags: 0
  serializedVersion: 2
  m_Modification:
    m_TransformParent: {fileID: 7338277570128401368}
    m_Modifications:
    - target: {fileID: -8679921383154817045, guid: f061cfaa9cfacbb41aa81b7ffb477bc0, type: 3}
      propertyPath: m_LocalPosition.x
      value: 0.5
      objectReference: {fileID: 0}
    - target: {fileID: -8679921383154817045, guid: f061cfaa9cfacbb41aa81b7ffb477bc0, type: 3}
      propertyPath: m_LocalPosition.y
      value: 0
      objectReference: {fileID: 0}
    - target: {fileID: -8679921383154817045, guid: f061cfaa9cfacbb41aa81b7ffb477bc0, type: 3}
      propertyPath: m_LocalPosition.z
      value: 0.5
      objectReference: {fileID: 0}
    - target: {fileID: -8679921383154817045, guid: f061cfaa9cfacbb41aa81b7ffb477bc0, type: 3}
      propertyPath: m_LocalRotation.x
      value: -0.7071068
      objectReference: {fileID: 0}
    - target: {fileID: -8679921383154817045, guid: f061cfaa9cfacbb41aa81b7ffb477bc0, type: 3}
      propertyPath: m_LocalRotation.y
      value: -0.000000007902535
      objectReference: {fileID: 0}
    - target: {fileID: -8679921383154817045, guid: f061cfaa9cfacbb41aa81b7ffb477bc0, type: 3}
      propertyPath: m_LocalRotation.z
      value: -0.000000007902535
      objectReference: {fileID: 0}
    - target: {fileID: -8679921383154817045, guid: f061cfaa9cfacbb41aa81b7ffb477bc0, type: 3}
      propertyPath: m_LocalRotation.w
      value: 0.7071068
      objectReference: {fileID: 0}
    - target: {fileID: -8679921383154817045, guid: f061cfaa9cfacbb41aa81b7ffb477bc0, type: 3}
      propertyPath: m_RootOrder
      value: 0
      objectReference: {fileID: 0}
    - target: {fileID: -8679921383154817045, guid: f061cfaa9cfacbb41aa81b7ffb477bc0, type: 3}
      propertyPath: m_LocalEulerAnglesHint.x
      value: 0
      objectReference: {fileID: 0}
    - target: {fileID: -8679921383154817045, guid: f061cfaa9cfacbb41aa81b7ffb477bc0, type: 3}
      propertyPath: m_LocalEulerAnglesHint.y
      value: 0
      objectReference: {fileID: 0}
    - target: {fileID: -8679921383154817045, guid: f061cfaa9cfacbb41aa81b7ffb477bc0, type: 3}
      propertyPath: m_LocalEulerAnglesHint.z
      value: 0
      objectReference: {fileID: 0}
    - target: {fileID: -7511558181221131132, guid: f061cfaa9cfacbb41aa81b7ffb477bc0, type: 3}
      propertyPath: m_Materials.Array.data[0]
      value: 
      objectReference: {fileID: 2100000, guid: 664de231238bb1440b9f13e39f7bb877, type: 2}
    - target: {fileID: 919132149155446097, guid: f061cfaa9cfacbb41aa81b7ffb477bc0, type: 3}
      propertyPath: m_Name
      value: CornerOut 001
      objectReference: {fileID: 0}
    m_RemovedComponents: []
  m_SourcePrefab: {fileID: 100100000, guid: f061cfaa9cfacbb41aa81b7ffb477bc0, type: 3}
--- !u!4 &5633210749908235217 stripped
Transform:
  m_CorrespondingSourceObject: {fileID: -8679921383154817045, guid: f061cfaa9cfacbb41aa81b7ffb477bc0, type: 3}
  m_PrefabInstance: {fileID: 5307375791997998138}
  m_PrefabAsset: {fileID: 0}
--- !u!1001 &5511114930345364342
PrefabInstance:
  m_ObjectHideFlags: 0
  serializedVersion: 2
  m_Modification:
    m_TransformParent: {fileID: 3120900161978363028}
    m_Modifications:
    - target: {fileID: 6996852743832914283, guid: b580a14239cea1640882c144233e8fb4, type: 3}
      propertyPath: m_Name
      value: BasicBlockPrefab (1)
      objectReference: {fileID: 0}
    - target: {fileID: 7518114797731439621, guid: b580a14239cea1640882c144233e8fb4, type: 3}
      propertyPath: m_LocalPosition.x
      value: 4
      objectReference: {fileID: 0}
    - target: {fileID: 7518114797731439621, guid: b580a14239cea1640882c144233e8fb4, type: 3}
      propertyPath: m_LocalPosition.y
      value: 0
      objectReference: {fileID: 0}
    - target: {fileID: 7518114797731439621, guid: b580a14239cea1640882c144233e8fb4, type: 3}
      propertyPath: m_LocalPosition.z
      value: -4
      objectReference: {fileID: 0}
    - target: {fileID: 7518114797731439621, guid: b580a14239cea1640882c144233e8fb4, type: 3}
      propertyPath: m_LocalRotation.x
      value: -0
      objectReference: {fileID: 0}
    - target: {fileID: 7518114797731439621, guid: b580a14239cea1640882c144233e8fb4, type: 3}
      propertyPath: m_LocalRotation.y
      value: -0
      objectReference: {fileID: 0}
    - target: {fileID: 7518114797731439621, guid: b580a14239cea1640882c144233e8fb4, type: 3}
      propertyPath: m_LocalRotation.z
      value: -0
      objectReference: {fileID: 0}
    - target: {fileID: 7518114797731439621, guid: b580a14239cea1640882c144233e8fb4, type: 3}
      propertyPath: m_LocalRotation.w
      value: 1
      objectReference: {fileID: 0}
    - target: {fileID: 7518114797731439621, guid: b580a14239cea1640882c144233e8fb4, type: 3}
      propertyPath: m_RootOrder
      value: 1
      objectReference: {fileID: 0}
    - target: {fileID: 7518114797731439621, guid: b580a14239cea1640882c144233e8fb4, type: 3}
      propertyPath: m_LocalEulerAnglesHint.x
      value: 0
      objectReference: {fileID: 0}
    - target: {fileID: 7518114797731439621, guid: b580a14239cea1640882c144233e8fb4, type: 3}
      propertyPath: m_LocalEulerAnglesHint.y
      value: 0
      objectReference: {fileID: 0}
    - target: {fileID: 7518114797731439621, guid: b580a14239cea1640882c144233e8fb4, type: 3}
      propertyPath: m_LocalEulerAnglesHint.z
      value: 0
      objectReference: {fileID: 0}
    m_RemovedComponents: []
  m_SourcePrefab: {fileID: 100100000, guid: b580a14239cea1640882c144233e8fb4, type: 3}
--- !u!4 &2607263432079421299 stripped
Transform:
  m_CorrespondingSourceObject: {fileID: 7518114797731439621, guid: b580a14239cea1640882c144233e8fb4, type: 3}
  m_PrefabInstance: {fileID: 5511114930345364342}
  m_PrefabAsset: {fileID: 0}
--- !u!1001 &7712475702029385008
PrefabInstance:
  m_ObjectHideFlags: 0
  serializedVersion: 2
  m_Modification:
    m_TransformParent: {fileID: 3120900161978363028}
    m_Modifications:
    - target: {fileID: 6996852743832914283, guid: b580a14239cea1640882c144233e8fb4, type: 3}
      propertyPath: m_Name
      value: BasicBlockPrefab (7)
      objectReference: {fileID: 0}
    - target: {fileID: 7518114797731439621, guid: b580a14239cea1640882c144233e8fb4, type: 3}
      propertyPath: m_LocalPosition.x
      value: 1
      objectReference: {fileID: 0}
    - target: {fileID: 7518114797731439621, guid: b580a14239cea1640882c144233e8fb4, type: 3}
      propertyPath: m_LocalPosition.y
      value: 0
      objectReference: {fileID: 0}
    - target: {fileID: 7518114797731439621, guid: b580a14239cea1640882c144233e8fb4, type: 3}
      propertyPath: m_LocalPosition.z
      value: -4.0000005
      objectReference: {fileID: 0}
    - target: {fileID: 7518114797731439621, guid: b580a14239cea1640882c144233e8fb4, type: 3}
      propertyPath: m_LocalRotation.x
      value: -0
      objectReference: {fileID: 0}
    - target: {fileID: 7518114797731439621, guid: b580a14239cea1640882c144233e8fb4, type: 3}
      propertyPath: m_LocalRotation.y
      value: -0
      objectReference: {fileID: 0}
    - target: {fileID: 7518114797731439621, guid: b580a14239cea1640882c144233e8fb4, type: 3}
      propertyPath: m_LocalRotation.z
      value: -0
      objectReference: {fileID: 0}
    - target: {fileID: 7518114797731439621, guid: b580a14239cea1640882c144233e8fb4, type: 3}
      propertyPath: m_LocalRotation.w
      value: 1
      objectReference: {fileID: 0}
    - target: {fileID: 7518114797731439621, guid: b580a14239cea1640882c144233e8fb4, type: 3}
      propertyPath: m_RootOrder
      value: 7
      objectReference: {fileID: 0}
    - target: {fileID: 7518114797731439621, guid: b580a14239cea1640882c144233e8fb4, type: 3}
      propertyPath: m_LocalEulerAnglesHint.x
      value: 0
      objectReference: {fileID: 0}
    - target: {fileID: 7518114797731439621, guid: b580a14239cea1640882c144233e8fb4, type: 3}
      propertyPath: m_LocalEulerAnglesHint.y
      value: 0
      objectReference: {fileID: 0}
    - target: {fileID: 7518114797731439621, guid: b580a14239cea1640882c144233e8fb4, type: 3}
      propertyPath: m_LocalEulerAnglesHint.z
      value: 0
      objectReference: {fileID: 0}
    m_RemovedComponents: []
  m_SourcePrefab: {fileID: 100100000, guid: b580a14239cea1640882c144233e8fb4, type: 3}
--- !u!4 &242493281045911861 stripped
Transform:
  m_CorrespondingSourceObject: {fileID: 7518114797731439621, guid: b580a14239cea1640882c144233e8fb4, type: 3}
  m_PrefabInstance: {fileID: 7712475702029385008}
  m_PrefabAsset: {fileID: 0}
--- !u!1001 &8259504220092868733
PrefabInstance:
  m_ObjectHideFlags: 0
  serializedVersion: 2
  m_Modification:
    m_TransformParent: {fileID: 3120900161978363028}
    m_Modifications:
    - target: {fileID: 6996852743832914283, guid: b580a14239cea1640882c144233e8fb4, type: 3}
      propertyPath: m_Name
      value: BasicBlockPrefab (5)
      objectReference: {fileID: 0}
    - target: {fileID: 7518114797731439621, guid: b580a14239cea1640882c144233e8fb4, type: 3}
      propertyPath: m_LocalPosition.x
      value: 5
      objectReference: {fileID: 0}
    - target: {fileID: 7518114797731439621, guid: b580a14239cea1640882c144233e8fb4, type: 3}
      propertyPath: m_LocalPosition.y
      value: 0
      objectReference: {fileID: 0}
    - target: {fileID: 7518114797731439621, guid: b580a14239cea1640882c144233e8fb4, type: 3}
      propertyPath: m_LocalPosition.z
      value: -2
      objectReference: {fileID: 0}
    - target: {fileID: 7518114797731439621, guid: b580a14239cea1640882c144233e8fb4, type: 3}
      propertyPath: m_LocalRotation.x
      value: -0
      objectReference: {fileID: 0}
    - target: {fileID: 7518114797731439621, guid: b580a14239cea1640882c144233e8fb4, type: 3}
      propertyPath: m_LocalRotation.y
      value: -0
      objectReference: {fileID: 0}
    - target: {fileID: 7518114797731439621, guid: b580a14239cea1640882c144233e8fb4, type: 3}
      propertyPath: m_LocalRotation.z
      value: -0
      objectReference: {fileID: 0}
    - target: {fileID: 7518114797731439621, guid: b580a14239cea1640882c144233e8fb4, type: 3}
      propertyPath: m_LocalRotation.w
      value: 1
      objectReference: {fileID: 0}
    - target: {fileID: 7518114797731439621, guid: b580a14239cea1640882c144233e8fb4, type: 3}
      propertyPath: m_RootOrder
      value: 5
      objectReference: {fileID: 0}
    - target: {fileID: 7518114797731439621, guid: b580a14239cea1640882c144233e8fb4, type: 3}
      propertyPath: m_LocalEulerAnglesHint.x
      value: 0
      objectReference: {fileID: 0}
    - target: {fileID: 7518114797731439621, guid: b580a14239cea1640882c144233e8fb4, type: 3}
      propertyPath: m_LocalEulerAnglesHint.y
      value: 0
      objectReference: {fileID: 0}
    - target: {fileID: 7518114797731439621, guid: b580a14239cea1640882c144233e8fb4, type: 3}
      propertyPath: m_LocalEulerAnglesHint.z
      value: 0
      objectReference: {fileID: 0}
    m_RemovedComponents: []
  m_SourcePrefab: {fileID: 100100000, guid: b580a14239cea1640882c144233e8fb4, type: 3}
--- !u!4 &1930376009213430904 stripped
Transform:
  m_CorrespondingSourceObject: {fileID: 7518114797731439621, guid: b580a14239cea1640882c144233e8fb4, type: 3}
  m_PrefabInstance: {fileID: 8259504220092868733}
  m_PrefabAsset: {fileID: 0}
--- !u!1001 &8265827186789686463
PrefabInstance:
  m_ObjectHideFlags: 0
  serializedVersion: 2
  m_Modification:
    m_TransformParent: {fileID: 3120900161978363028}
    m_Modifications:
    - target: {fileID: 6996852743832914283, guid: b580a14239cea1640882c144233e8fb4, type: 3}
      propertyPath: m_Name
      value: BasicBlockPrefab (4)
      objectReference: {fileID: 0}
    - target: {fileID: 7518114797731439621, guid: b580a14239cea1640882c144233e8fb4, type: 3}
      propertyPath: m_LocalPosition.x
      value: 5
      objectReference: {fileID: 0}
    - target: {fileID: 7518114797731439621, guid: b580a14239cea1640882c144233e8fb4, type: 3}
      propertyPath: m_LocalPosition.y
      value: 0
      objectReference: {fileID: 0}
    - target: {fileID: 7518114797731439621, guid: b580a14239cea1640882c144233e8fb4, type: 3}
      propertyPath: m_LocalPosition.z
      value: -3
      objectReference: {fileID: 0}
    - target: {fileID: 7518114797731439621, guid: b580a14239cea1640882c144233e8fb4, type: 3}
      propertyPath: m_LocalRotation.x
      value: -0
      objectReference: {fileID: 0}
    - target: {fileID: 7518114797731439621, guid: b580a14239cea1640882c144233e8fb4, type: 3}
      propertyPath: m_LocalRotation.y
      value: -0
      objectReference: {fileID: 0}
    - target: {fileID: 7518114797731439621, guid: b580a14239cea1640882c144233e8fb4, type: 3}
      propertyPath: m_LocalRotation.z
      value: -0
      objectReference: {fileID: 0}
    - target: {fileID: 7518114797731439621, guid: b580a14239cea1640882c144233e8fb4, type: 3}
      propertyPath: m_LocalRotation.w
      value: 1
      objectReference: {fileID: 0}
    - target: {fileID: 7518114797731439621, guid: b580a14239cea1640882c144233e8fb4, type: 3}
      propertyPath: m_RootOrder
      value: 4
      objectReference: {fileID: 0}
    - target: {fileID: 7518114797731439621, guid: b580a14239cea1640882c144233e8fb4, type: 3}
      propertyPath: m_LocalEulerAnglesHint.x
      value: 0
      objectReference: {fileID: 0}
    - target: {fileID: 7518114797731439621, guid: b580a14239cea1640882c144233e8fb4, type: 3}
      propertyPath: m_LocalEulerAnglesHint.y
      value: 0
      objectReference: {fileID: 0}
    - target: {fileID: 7518114797731439621, guid: b580a14239cea1640882c144233e8fb4, type: 3}
      propertyPath: m_LocalEulerAnglesHint.z
      value: 0
      objectReference: {fileID: 0}
    m_RemovedComponents: []
  m_SourcePrefab: {fileID: 100100000, guid: b580a14239cea1640882c144233e8fb4, type: 3}
--- !u!4 &1937580948253997242 stripped
Transform:
  m_CorrespondingSourceObject: {fileID: 7518114797731439621, guid: b580a14239cea1640882c144233e8fb4, type: 3}
  m_PrefabInstance: {fileID: 8265827186789686463}
  m_PrefabAsset: {fileID: 0}
--- !u!1001 &8986572076054908587
PrefabInstance:
  m_ObjectHideFlags: 0
  serializedVersion: 2
  m_Modification:
    m_TransformParent: {fileID: 3120900161978363028}
    m_Modifications:
    - target: {fileID: 6996852743832914283, guid: b580a14239cea1640882c144233e8fb4, type: 3}
      propertyPath: m_Name
      value: BasicBlockPrefab (3)
      objectReference: {fileID: 0}
    - target: {fileID: 7518114797731439621, guid: b580a14239cea1640882c144233e8fb4, type: 3}
      propertyPath: m_LocalPosition.x
      value: 2.0000002
      objectReference: {fileID: 0}
    - target: {fileID: 7518114797731439621, guid: b580a14239cea1640882c144233e8fb4, type: 3}
      propertyPath: m_LocalPosition.y
      value: 0
      objectReference: {fileID: 0}
    - target: {fileID: 7518114797731439621, guid: b580a14239cea1640882c144233e8fb4, type: 3}
      propertyPath: m_LocalPosition.z
      value: -4.0000005
      objectReference: {fileID: 0}
    - target: {fileID: 7518114797731439621, guid: b580a14239cea1640882c144233e8fb4, type: 3}
      propertyPath: m_LocalRotation.x
      value: -0
      objectReference: {fileID: 0}
    - target: {fileID: 7518114797731439621, guid: b580a14239cea1640882c144233e8fb4, type: 3}
      propertyPath: m_LocalRotation.y
      value: -0
      objectReference: {fileID: 0}
    - target: {fileID: 7518114797731439621, guid: b580a14239cea1640882c144233e8fb4, type: 3}
      propertyPath: m_LocalRotation.z
      value: -0
      objectReference: {fileID: 0}
    - target: {fileID: 7518114797731439621, guid: b580a14239cea1640882c144233e8fb4, type: 3}
      propertyPath: m_LocalRotation.w
      value: 1
      objectReference: {fileID: 0}
    - target: {fileID: 7518114797731439621, guid: b580a14239cea1640882c144233e8fb4, type: 3}
      propertyPath: m_RootOrder
      value: 3
      objectReference: {fileID: 0}
    - target: {fileID: 7518114797731439621, guid: b580a14239cea1640882c144233e8fb4, type: 3}
      propertyPath: m_LocalEulerAnglesHint.x
      value: 0
      objectReference: {fileID: 0}
    - target: {fileID: 7518114797731439621, guid: b580a14239cea1640882c144233e8fb4, type: 3}
      propertyPath: m_LocalEulerAnglesHint.y
      value: 0
      objectReference: {fileID: 0}
    - target: {fileID: 7518114797731439621, guid: b580a14239cea1640882c144233e8fb4, type: 3}
      propertyPath: m_LocalEulerAnglesHint.z
      value: 0
      objectReference: {fileID: 0}
    m_RemovedComponents: []
  m_SourcePrefab: {fileID: 100100000, guid: b580a14239cea1640882c144233e8fb4, type: 3}
--- !u!4 &1505049053557254830 stripped
Transform:
  m_CorrespondingSourceObject: {fileID: 7518114797731439621, guid: b580a14239cea1640882c144233e8fb4, type: 3}
  m_PrefabInstance: {fileID: 8986572076054908587}
  m_PrefabAsset: {fileID: 0}
