%YAML 1.1
%TAG !u! tag:unity3d.com,2011:
--- !u!1 &3729314647492109863
GameObject:
  m_ObjectHideFlags: 0
  m_CorrespondingSourceObject: {fileID: 0}
  m_PrefabInstance: {fileID: 0}
  m_PrefabAsset: {fileID: 0}
  serializedVersion: 6
  m_Component:
  - component: {fileID: 7777456527133806797}
  m_Layer: 0
  m_Name: Collisions
  m_TagString: Untagged
  m_Icon: {fileID: 0}
  m_NavMeshLayer: 0
  m_StaticEditorFlags: 0
  m_IsActive: 1
--- !u!4 &7777456527133806797
Transform:
  m_ObjectHideFlags: 0
  m_CorrespondingSourceObject: {fileID: 0}
  m_PrefabInstance: {fileID: 0}
  m_PrefabAsset: {fileID: 0}
  m_GameObject: {fileID: 3729314647492109863}
  m_LocalRotation: {x: -0, y: -0, z: -0, w: 1}
  m_LocalPosition: {x: 0, y: 0, z: 0}
  m_LocalScale: {x: 1, y: 1, z: 1}
  m_Children:
  - {fileID: 3023156070777655344}
  - {fileID: 1449292283252603026}
  - {fileID: 7659289689835722840}
  - {fileID: 6863572862876014560}
  - {fileID: 1270769638851711760}
  - {fileID: 1036010194374267355}
  - {fileID: 2378581314659888236}
  - {fileID: 3483040735330789991}
  m_Father: {fileID: 6125447117995485907}
  m_RootOrder: 1
  m_LocalEulerAnglesHint: {x: 0, y: 0, z: 0}
--- !u!1 &3868052011290932598
GameObject:
  m_ObjectHideFlags: 0
  m_CorrespondingSourceObject: {fileID: 0}
  m_PrefabInstance: {fileID: 0}
  m_PrefabAsset: {fileID: 0}
  serializedVersion: 6
  m_Component:
  - component: {fileID: 6125447117995485907}
  m_Layer: 0
  m_Name: CorridorS 001 Prefab
  m_TagString: Untagged
  m_Icon: {fileID: 0}
  m_NavMeshLayer: 0
  m_StaticEditorFlags: 0
  m_IsActive: 1
--- !u!4 &6125447117995485907
Transform:
  m_ObjectHideFlags: 0
  m_CorrespondingSourceObject: {fileID: 0}
  m_PrefabInstance: {fileID: 0}
  m_PrefabAsset: {fileID: 0}
  m_GameObject: {fileID: 3868052011290932598}
  m_LocalRotation: {x: 0, y: 0, z: 0, w: 1}
  m_LocalPosition: {x: 0, y: 0, z: 0}
  m_LocalScale: {x: 1, y: 1, z: 1}
  m_Children:
  - {fileID: 5338713319937664364}
  - {fileID: 7777456527133806797}
  - {fileID: 8311255206852895142}
  - {fileID: 1772846227209173609}
  m_Father: {fileID: 0}
  m_RootOrder: 0
  m_LocalEulerAnglesHint: {x: 0, y: 0, z: 0}
--- !u!1001 &152830978113125469
PrefabInstance:
  m_ObjectHideFlags: 0
  serializedVersion: 2
  m_Modification:
    m_TransformParent: {fileID: 7777456527133806797}
    m_Modifications:
    - target: {fileID: 6996852743832914283, guid: b580a14239cea1640882c144233e8fb4, type: 3}
      propertyPath: m_Name
      value: BasicBlockPrefab (1)
      objectReference: {fileID: 0}
    - target: {fileID: 7518114797731439621, guid: b580a14239cea1640882c144233e8fb4, type: 3}
      propertyPath: m_LocalPosition.x
      value: -4
      objectReference: {fileID: 0}
    - target: {fileID: 7518114797731439621, guid: b580a14239cea1640882c144233e8fb4, type: 3}
      propertyPath: m_LocalPosition.y
      value: 0
      objectReference: {fileID: 0}
    - target: {fileID: 7518114797731439621, guid: b580a14239cea1640882c144233e8fb4, type: 3}
      propertyPath: m_LocalPosition.z
      value: 0.99999994
      objectReference: {fileID: 0}
    - target: {fileID: 7518114797731439621, guid: b580a14239cea1640882c144233e8fb4, type: 3}
      propertyPath: m_LocalRotation.x
      value: -0
      objectReference: {fileID: 0}
    - target: {fileID: 7518114797731439621, guid: b580a14239cea1640882c144233e8fb4, type: 3}
      propertyPath: m_LocalRotation.y
      value: -0
      objectReference: {fileID: 0}
    - target: {fileID: 7518114797731439621, guid: b580a14239cea1640882c144233e8fb4, type: 3}
      propertyPath: m_LocalRotation.z
      value: -0
      objectReference: {fileID: 0}
    - target: {fileID: 7518114797731439621, guid: b580a14239cea1640882c144233e8fb4, type: 3}
      propertyPath: m_LocalRotation.w
      value: 1
      objectReference: {fileID: 0}
    - target: {fileID: 7518114797731439621, guid: b580a14239cea1640882c144233e8fb4, type: 3}
      propertyPath: m_RootOrder
      value: 2
      objectReference: {fileID: 0}
    - target: {fileID: 7518114797731439621, guid: b580a14239cea1640882c144233e8fb4, type: 3}
      propertyPath: m_LocalEulerAnglesHint.x
      value: 0
      objectReference: {fileID: 0}
    - target: {fileID: 7518114797731439621, guid: b580a14239cea1640882c144233e8fb4, type: 3}
      propertyPath: m_LocalEulerAnglesHint.y
      value: 0
      objectReference: {fileID: 0}
    - target: {fileID: 7518114797731439621, guid: b580a14239cea1640882c144233e8fb4, type: 3}
      propertyPath: m_LocalEulerAnglesHint.z
      value: 0
      objectReference: {fileID: 0}
    m_RemovedComponents: []
  m_SourcePrefab: {fileID: 100100000, guid: b580a14239cea1640882c144233e8fb4, type: 3}
--- !u!4 &7659289689835722840 stripped
Transform:
  m_CorrespondingSourceObject: {fileID: 7518114797731439621, guid: b580a14239cea1640882c144233e8fb4, type: 3}
  m_PrefabInstance: {fileID: 152830978113125469}
  m_PrefabAsset: {fileID: 0}
--- !u!1001 &2527415490950604129
PrefabInstance:
  m_ObjectHideFlags: 0
  serializedVersion: 2
  m_Modification:
    m_TransformParent: {fileID: 6125447117995485907}
    m_Modifications:
    - target: {fileID: 4151707113078979885, guid: 8816d3e82817afb44971c3a609afe99d, type: 3}
      propertyPath: m_Name
      value: WallLight (1)
      objectReference: {fileID: 0}
    - target: {fileID: 4290035709993000712, guid: 8816d3e82817afb44971c3a609afe99d, type: 3}
      propertyPath: m_LocalPosition.x
      value: 3.58
      objectReference: {fileID: 0}
    - target: {fileID: 4290035709993000712, guid: 8816d3e82817afb44971c3a609afe99d, type: 3}
      propertyPath: m_LocalPosition.y
      value: 2.41
      objectReference: {fileID: 0}
    - target: {fileID: 4290035709993000712, guid: 8816d3e82817afb44971c3a609afe99d, type: 3}
      propertyPath: m_LocalPosition.z
      value: 0.46
      objectReference: {fileID: 0}
    - target: {fileID: 4290035709993000712, guid: 8816d3e82817afb44971c3a609afe99d, type: 3}
      propertyPath: m_LocalRotation.x
      value: 0
      objectReference: {fileID: 0}
    - target: {fileID: 4290035709993000712, guid: 8816d3e82817afb44971c3a609afe99d, type: 3}
      propertyPath: m_LocalRotation.y
      value: 0
      objectReference: {fileID: 0}
    - target: {fileID: 4290035709993000712, guid: 8816d3e82817afb44971c3a609afe99d, type: 3}
      propertyPath: m_LocalRotation.z
      value: 0
      objectReference: {fileID: 0}
    - target: {fileID: 4290035709993000712, guid: 8816d3e82817afb44971c3a609afe99d, type: 3}
      propertyPath: m_LocalRotation.w
      value: 1
      objectReference: {fileID: 0}
    - target: {fileID: 4290035709993000712, guid: 8816d3e82817afb44971c3a609afe99d, type: 3}
      propertyPath: m_RootOrder
      value: 3
      objectReference: {fileID: 0}
    - target: {fileID: 4290035709993000712, guid: 8816d3e82817afb44971c3a609afe99d, type: 3}
      propertyPath: m_LocalEulerAnglesHint.x
      value: 0
      objectReference: {fileID: 0}
    - target: {fileID: 4290035709993000712, guid: 8816d3e82817afb44971c3a609afe99d, type: 3}
      propertyPath: m_LocalEulerAnglesHint.y
      value: 0
      objectReference: {fileID: 0}
    - target: {fileID: 4290035709993000712, guid: 8816d3e82817afb44971c3a609afe99d, type: 3}
      propertyPath: m_LocalEulerAnglesHint.z
      value: 0
      objectReference: {fileID: 0}
    m_RemovedComponents: []
  m_SourcePrefab: {fileID: 100100000, guid: 8816d3e82817afb44971c3a609afe99d, type: 3}
--- !u!4 &1772846227209173609 stripped
Transform:
  m_CorrespondingSourceObject: {fileID: 4290035709993000712, guid: 8816d3e82817afb44971c3a609afe99d, type: 3}
  m_PrefabInstance: {fileID: 2527415490950604129}
  m_PrefabAsset: {fileID: 0}
--- !u!1001 &3969354297713341413
PrefabInstance:
  m_ObjectHideFlags: 0
  serializedVersion: 2
  m_Modification:
    m_TransformParent: {fileID: 7777456527133806797}
    m_Modifications:
    - target: {fileID: 6996852743832914283, guid: b580a14239cea1640882c144233e8fb4, type: 3}
      propertyPath: m_Name
      value: BasicBlockPrefab (7)
      objectReference: {fileID: 0}
    - target: {fileID: 7518114797731439621, guid: b580a14239cea1640882c144233e8fb4, type: 3}
      propertyPath: m_LocalPosition.x
      value: -4
      objectReference: {fileID: 0}
    - target: {fileID: 7518114797731439621, guid: b580a14239cea1640882c144233e8fb4, type: 3}
      propertyPath: m_LocalPosition.y
      value: 0
      objectReference: {fileID: 0}
    - target: {fileID: 7518114797731439621, guid: b580a14239cea1640882c144233e8fb4, type: 3}
      propertyPath: m_LocalPosition.z
      value: 2
      objectReference: {fileID: 0}
    - target: {fileID: 7518114797731439621, guid: b580a14239cea1640882c144233e8fb4, type: 3}
      propertyPath: m_LocalRotation.x
      value: -0
      objectReference: {fileID: 0}
    - target: {fileID: 7518114797731439621, guid: b580a14239cea1640882c144233e8fb4, type: 3}
      propertyPath: m_LocalRotation.y
      value: -0
      objectReference: {fileID: 0}
    - target: {fileID: 7518114797731439621, guid: b580a14239cea1640882c144233e8fb4, type: 3}
      propertyPath: m_LocalRotation.z
      value: -0
      objectReference: {fileID: 0}
    - target: {fileID: 7518114797731439621, guid: b580a14239cea1640882c144233e8fb4, type: 3}
      propertyPath: m_LocalRotation.w
      value: 1
      objectReference: {fileID: 0}
    - target: {fileID: 7518114797731439621, guid: b580a14239cea1640882c144233e8fb4, type: 3}
      propertyPath: m_RootOrder
      value: 3
      objectReference: {fileID: 0}
    - target: {fileID: 7518114797731439621, guid: b580a14239cea1640882c144233e8fb4, type: 3}
      propertyPath: m_LocalEulerAnglesHint.x
      value: 0
      objectReference: {fileID: 0}
    - target: {fileID: 7518114797731439621, guid: b580a14239cea1640882c144233e8fb4, type: 3}
      propertyPath: m_LocalEulerAnglesHint.y
      value: 0
      objectReference: {fileID: 0}
    - target: {fileID: 7518114797731439621, guid: b580a14239cea1640882c144233e8fb4, type: 3}
      propertyPath: m_LocalEulerAnglesHint.z
      value: 0
      objectReference: {fileID: 0}
    m_RemovedComponents: []
  m_SourcePrefab: {fileID: 100100000, guid: b580a14239cea1640882c144233e8fb4, type: 3}
--- !u!4 &6863572862876014560 stripped
Transform:
  m_CorrespondingSourceObject: {fileID: 7518114797731439621, guid: b580a14239cea1640882c144233e8fb4, type: 3}
  m_PrefabInstance: {fileID: 3969354297713341413}
  m_PrefabAsset: {fileID: 0}
--- !u!1001 &4729305169796756533
PrefabInstance:
  m_ObjectHideFlags: 0
  serializedVersion: 2
  m_Modification:
    m_TransformParent: {fileID: 7777456527133806797}
    m_Modifications:
    - target: {fileID: 6996852743832914283, guid: b580a14239cea1640882c144233e8fb4, type: 3}
      propertyPath: m_Name
      value: BasicBlockPrefab (5)
      objectReference: {fileID: 0}
    - target: {fileID: 7518114797731439621, guid: b580a14239cea1640882c144233e8fb4, type: 3}
      propertyPath: m_LocalPosition.x
      value: -4
      objectReference: {fileID: 0}
    - target: {fileID: 7518114797731439621, guid: b580a14239cea1640882c144233e8fb4, type: 3}
      propertyPath: m_LocalPosition.y
      value: 0
      objectReference: {fileID: 0}
    - target: {fileID: 7518114797731439621, guid: b580a14239cea1640882c144233e8fb4, type: 3}
      propertyPath: m_LocalPosition.z
      value: -1
      objectReference: {fileID: 0}
    - target: {fileID: 7518114797731439621, guid: b580a14239cea1640882c144233e8fb4, type: 3}
      propertyPath: m_LocalRotation.x
      value: -0
      objectReference: {fileID: 0}
    - target: {fileID: 7518114797731439621, guid: b580a14239cea1640882c144233e8fb4, type: 3}
      propertyPath: m_LocalRotation.y
      value: -0
      objectReference: {fileID: 0}
    - target: {fileID: 7518114797731439621, guid: b580a14239cea1640882c144233e8fb4, type: 3}
      propertyPath: m_LocalRotation.z
      value: -0
      objectReference: {fileID: 0}
    - target: {fileID: 7518114797731439621, guid: b580a14239cea1640882c144233e8fb4, type: 3}
      propertyPath: m_LocalRotation.w
      value: 1
      objectReference: {fileID: 0}
    - target: {fileID: 7518114797731439621, guid: b580a14239cea1640882c144233e8fb4, type: 3}
      propertyPath: m_RootOrder
      value: 0
      objectReference: {fileID: 0}
    - target: {fileID: 7518114797731439621, guid: b580a14239cea1640882c144233e8fb4, type: 3}
      propertyPath: m_LocalEulerAnglesHint.x
      value: 0
      objectReference: {fileID: 0}
    - target: {fileID: 7518114797731439621, guid: b580a14239cea1640882c144233e8fb4, type: 3}
      propertyPath: m_LocalEulerAnglesHint.y
      value: 0
      objectReference: {fileID: 0}
    - target: {fileID: 7518114797731439621, guid: b580a14239cea1640882c144233e8fb4, type: 3}
      propertyPath: m_LocalEulerAnglesHint.z
      value: 0
      objectReference: {fileID: 0}
    m_RemovedComponents: []
  m_SourcePrefab: {fileID: 100100000, guid: b580a14239cea1640882c144233e8fb4, type: 3}
--- !u!4 &3023156070777655344 stripped
Transform:
  m_CorrespondingSourceObject: {fileID: 7518114797731439621, guid: b580a14239cea1640882c144233e8fb4, type: 3}
  m_PrefabInstance: {fileID: 4729305169796756533}
  m_PrefabAsset: {fileID: 0}
--- !u!1001 &5250852111159836334
PrefabInstance:
  m_ObjectHideFlags: 0
  serializedVersion: 2
  m_Modification:
    m_TransformParent: {fileID: 6125447117995485907}
    m_Modifications:
    - target: {fileID: 4151707113078979885, guid: 8816d3e82817afb44971c3a609afe99d, type: 3}
      propertyPath: m_Name
      value: WallLight
      objectReference: {fileID: 0}
    - target: {fileID: 4290035709993000712, guid: 8816d3e82817afb44971c3a609afe99d, type: 3}
      propertyPath: m_LocalPosition.x
      value: -2.31
      objectReference: {fileID: 0}
    - target: {fileID: 4290035709993000712, guid: 8816d3e82817afb44971c3a609afe99d, type: 3}
      propertyPath: m_LocalPosition.y
      value: 2.41
      objectReference: {fileID: 0}
    - target: {fileID: 4290035709993000712, guid: 8816d3e82817afb44971c3a609afe99d, type: 3}
      propertyPath: m_LocalPosition.z
      value: 0.46
      objectReference: {fileID: 0}
    - target: {fileID: 4290035709993000712, guid: 8816d3e82817afb44971c3a609afe99d, type: 3}
      propertyPath: m_LocalRotation.x
      value: 0
      objectReference: {fileID: 0}
    - target: {fileID: 4290035709993000712, guid: 8816d3e82817afb44971c3a609afe99d, type: 3}
      propertyPath: m_LocalRotation.y
      value: 0
      objectReference: {fileID: 0}
    - target: {fileID: 4290035709993000712, guid: 8816d3e82817afb44971c3a609afe99d, type: 3}
      propertyPath: m_LocalRotation.z
      value: 0
      objectReference: {fileID: 0}
    - target: {fileID: 4290035709993000712, guid: 8816d3e82817afb44971c3a609afe99d, type: 3}
      propertyPath: m_LocalRotation.w
      value: 1
      objectReference: {fileID: 0}
    - target: {fileID: 4290035709993000712, guid: 8816d3e82817afb44971c3a609afe99d, type: 3}
      propertyPath: m_RootOrder
      value: 2
      objectReference: {fileID: 0}
    - target: {fileID: 4290035709993000712, guid: 8816d3e82817afb44971c3a609afe99d, type: 3}
      propertyPath: m_LocalEulerAnglesHint.x
      value: 0
      objectReference: {fileID: 0}
    - target: {fileID: 4290035709993000712, guid: 8816d3e82817afb44971c3a609afe99d, type: 3}
      propertyPath: m_LocalEulerAnglesHint.y
      value: 0
      objectReference: {fileID: 0}
    - target: {fileID: 4290035709993000712, guid: 8816d3e82817afb44971c3a609afe99d, type: 3}
      propertyPath: m_LocalEulerAnglesHint.z
      value: 0
      objectReference: {fileID: 0}
    m_RemovedComponents: []
  m_SourcePrefab: {fileID: 100100000, guid: 8816d3e82817afb44971c3a609afe99d, type: 3}
--- !u!4 &8311255206852895142 stripped
Transform:
  m_CorrespondingSourceObject: {fileID: 4290035709993000712, guid: 8816d3e82817afb44971c3a609afe99d, type: 3}
  m_PrefabInstance: {fileID: 5250852111159836334}
  m_PrefabAsset: {fileID: 0}
--- !u!1001 &5284937368049862761
PrefabInstance:
  m_ObjectHideFlags: 0
  serializedVersion: 2
  m_Modification:
    m_TransformParent: {fileID: 7777456527133806797}
    m_Modifications:
    - target: {fileID: 6996852743832914283, guid: b580a14239cea1640882c144233e8fb4, type: 3}
      propertyPath: m_Name
      value: BasicBlockPrefab (3)
      objectReference: {fileID: 0}
    - target: {fileID: 7518114797731439621, guid: b580a14239cea1640882c144233e8fb4, type: 3}
      propertyPath: m_LocalPosition.x
      value: 5
      objectReference: {fileID: 0}
    - target: {fileID: 7518114797731439621, guid: b580a14239cea1640882c144233e8fb4, type: 3}
      propertyPath: m_LocalPosition.y
      value: 0
      objectReference: {fileID: 0}
    - target: {fileID: 7518114797731439621, guid: b580a14239cea1640882c144233e8fb4, type: 3}
      propertyPath: m_LocalPosition.z
      value: 0.99999994
      objectReference: {fileID: 0}
    - target: {fileID: 7518114797731439621, guid: b580a14239cea1640882c144233e8fb4, type: 3}
      propertyPath: m_LocalRotation.x
      value: -0
      objectReference: {fileID: 0}
    - target: {fileID: 7518114797731439621, guid: b580a14239cea1640882c144233e8fb4, type: 3}
      propertyPath: m_LocalRotation.y
      value: -0
      objectReference: {fileID: 0}
    - target: {fileID: 7518114797731439621, guid: b580a14239cea1640882c144233e8fb4, type: 3}
      propertyPath: m_LocalRotation.z
      value: -0
      objectReference: {fileID: 0}
    - target: {fileID: 7518114797731439621, guid: b580a14239cea1640882c144233e8fb4, type: 3}
      propertyPath: m_LocalRotation.w
      value: 1
      objectReference: {fileID: 0}
    - target: {fileID: 7518114797731439621, guid: b580a14239cea1640882c144233e8fb4, type: 3}
      propertyPath: m_RootOrder
      value: 6
      objectReference: {fileID: 0}
    - target: {fileID: 7518114797731439621, guid: b580a14239cea1640882c144233e8fb4, type: 3}
      propertyPath: m_LocalEulerAnglesHint.x
      value: 0
      objectReference: {fileID: 0}
    - target: {fileID: 7518114797731439621, guid: b580a14239cea1640882c144233e8fb4, type: 3}
      propertyPath: m_LocalEulerAnglesHint.y
      value: 0
      objectReference: {fileID: 0}
    - target: {fileID: 7518114797731439621, guid: b580a14239cea1640882c144233e8fb4, type: 3}
      propertyPath: m_LocalEulerAnglesHint.z
      value: 0
      objectReference: {fileID: 0}
    m_RemovedComponents: []
  m_SourcePrefab: {fileID: 100100000, guid: b580a14239cea1640882c144233e8fb4, type: 3}
--- !u!4 &2378581314659888236 stripped
Transform:
  m_CorrespondingSourceObject: {fileID: 7518114797731439621, guid: b580a14239cea1640882c144233e8fb4, type: 3}
  m_PrefabInstance: {fileID: 5284937368049862761}
  m_PrefabAsset: {fileID: 0}
--- !u!1001 &5592435031302374023
PrefabInstance:
  m_ObjectHideFlags: 0
  serializedVersion: 2
  m_Modification:
    m_TransformParent: {fileID: 6125447117995485907}
    m_Modifications:
    - target: {fileID: -8679921383154817045, guid: 8f938d072ec23ad4b901e5e1da00eaa5, type: 3}
      propertyPath: m_LocalPosition.x
      value: 0.5
      objectReference: {fileID: 0}
    - target: {fileID: -8679921383154817045, guid: 8f938d072ec23ad4b901e5e1da00eaa5, type: 3}
      propertyPath: m_LocalPosition.y
      value: 0
      objectReference: {fileID: 0}
    - target: {fileID: -8679921383154817045, guid: 8f938d072ec23ad4b901e5e1da00eaa5, type: 3}
      propertyPath: m_LocalPosition.z
      value: 0.5
      objectReference: {fileID: 0}
    - target: {fileID: -8679921383154817045, guid: 8f938d072ec23ad4b901e5e1da00eaa5, type: 3}
      propertyPath: m_LocalRotation.x
      value: -0.7071068
      objectReference: {fileID: 0}
    - target: {fileID: -8679921383154817045, guid: 8f938d072ec23ad4b901e5e1da00eaa5, type: 3}
      propertyPath: m_LocalRotation.y
      value: -0
      objectReference: {fileID: 0}
    - target: {fileID: -8679921383154817045, guid: 8f938d072ec23ad4b901e5e1da00eaa5, type: 3}
      propertyPath: m_LocalRotation.z
      value: -0
      objectReference: {fileID: 0}
    - target: {fileID: -8679921383154817045, guid: 8f938d072ec23ad4b901e5e1da00eaa5, type: 3}
      propertyPath: m_LocalRotation.w
      value: 0.7071068
      objectReference: {fileID: 0}
    - target: {fileID: -8679921383154817045, guid: 8f938d072ec23ad4b901e5e1da00eaa5, type: 3}
      propertyPath: m_RootOrder
      value: 0
      objectReference: {fileID: 0}
    - target: {fileID: -8679921383154817045, guid: 8f938d072ec23ad4b901e5e1da00eaa5, type: 3}
      propertyPath: m_LocalEulerAnglesHint.x
      value: 0
      objectReference: {fileID: 0}
    - target: {fileID: -8679921383154817045, guid: 8f938d072ec23ad4b901e5e1da00eaa5, type: 3}
      propertyPath: m_LocalEulerAnglesHint.y
      value: 0
      objectReference: {fileID: 0}
    - target: {fileID: -8679921383154817045, guid: 8f938d072ec23ad4b901e5e1da00eaa5, type: 3}
      propertyPath: m_LocalEulerAnglesHint.z
      value: 0
      objectReference: {fileID: 0}
    - target: {fileID: -7511558181221131132, guid: 8f938d072ec23ad4b901e5e1da00eaa5, type: 3}
      propertyPath: m_Materials.Array.data[0]
      value: 
      objectReference: {fileID: 2100000, guid: 664de231238bb1440b9f13e39f7bb877, type: 2}
    - target: {fileID: 919132149155446097, guid: 8f938d072ec23ad4b901e5e1da00eaa5, type: 3}
      propertyPath: m_Name
      value: CorridorS 001
      objectReference: {fileID: 0}
    m_RemovedComponents: []
  m_SourcePrefab: {fileID: 100100000, guid: 8f938d072ec23ad4b901e5e1da00eaa5, type: 3}
--- !u!4 &5338713319937664364 stripped
Transform:
  m_CorrespondingSourceObject: {fileID: -8679921383154817045, guid: 8f938d072ec23ad4b901e5e1da00eaa5, type: 3}
  m_PrefabInstance: {fileID: 5592435031302374023}
  m_PrefabAsset: {fileID: 0}
--- !u!1001 &6342065030627364450
PrefabInstance:
  m_ObjectHideFlags: 0
  serializedVersion: 2
  m_Modification:
    m_TransformParent: {fileID: 7777456527133806797}
    m_Modifications:
    - target: {fileID: 6996852743832914283, guid: b580a14239cea1640882c144233e8fb4, type: 3}
      propertyPath: m_Name
      value: BasicBlockPrefab (13)
      objectReference: {fileID: 0}
    - target: {fileID: 7518114797731439621, guid: b580a14239cea1640882c144233e8fb4, type: 3}
      propertyPath: m_LocalPosition.x
      value: 5
      objectReference: {fileID: 0}
    - target: {fileID: 7518114797731439621, guid: b580a14239cea1640882c144233e8fb4, type: 3}
      propertyPath: m_LocalPosition.y
      value: 0
      objectReference: {fileID: 0}
    - target: {fileID: 7518114797731439621, guid: b580a14239cea1640882c144233e8fb4, type: 3}
      propertyPath: m_LocalPosition.z
      value: 2
      objectReference: {fileID: 0}
    - target: {fileID: 7518114797731439621, guid: b580a14239cea1640882c144233e8fb4, type: 3}
      propertyPath: m_LocalRotation.x
      value: -0
      objectReference: {fileID: 0}
    - target: {fileID: 7518114797731439621, guid: b580a14239cea1640882c144233e8fb4, type: 3}
      propertyPath: m_LocalRotation.y
      value: -0
      objectReference: {fileID: 0}
    - target: {fileID: 7518114797731439621, guid: b580a14239cea1640882c144233e8fb4, type: 3}
      propertyPath: m_LocalRotation.z
      value: -0
      objectReference: {fileID: 0}
    - target: {fileID: 7518114797731439621, guid: b580a14239cea1640882c144233e8fb4, type: 3}
      propertyPath: m_LocalRotation.w
      value: 1
      objectReference: {fileID: 0}
    - target: {fileID: 7518114797731439621, guid: b580a14239cea1640882c144233e8fb4, type: 3}
      propertyPath: m_RootOrder
      value: 7
      objectReference: {fileID: 0}
    - target: {fileID: 7518114797731439621, guid: b580a14239cea1640882c144233e8fb4, type: 3}
      propertyPath: m_LocalEulerAnglesHint.x
      value: 0
      objectReference: {fileID: 0}
    - target: {fileID: 7518114797731439621, guid: b580a14239cea1640882c144233e8fb4, type: 3}
      propertyPath: m_LocalEulerAnglesHint.y
      value: 0
      objectReference: {fileID: 0}
    - target: {fileID: 7518114797731439621, guid: b580a14239cea1640882c144233e8fb4, type: 3}
      propertyPath: m_LocalEulerAnglesHint.z
      value: 0
      objectReference: {fileID: 0}
    m_RemovedComponents: []
  m_SourcePrefab: {fileID: 100100000, guid: b580a14239cea1640882c144233e8fb4, type: 3}
--- !u!4 &3483040735330789991 stripped
Transform:
  m_CorrespondingSourceObject: {fileID: 7518114797731439621, guid: b580a14239cea1640882c144233e8fb4, type: 3}
  m_PrefabInstance: {fileID: 6342065030627364450}
  m_PrefabAsset: {fileID: 0}
--- !u!1001 &7364810748800759262
PrefabInstance:
  m_ObjectHideFlags: 0
  serializedVersion: 2
  m_Modification:
    m_TransformParent: {fileID: 7777456527133806797}
    m_Modifications:
    - target: {fileID: 6996852743832914283, guid: b580a14239cea1640882c144233e8fb4, type: 3}
      propertyPath: m_Name
      value: BasicBlockPrefab (11)
      objectReference: {fileID: 0}
    - target: {fileID: 7518114797731439621, guid: b580a14239cea1640882c144233e8fb4, type: 3}
      propertyPath: m_LocalPosition.x
      value: 5
      objectReference: {fileID: 0}
    - target: {fileID: 7518114797731439621, guid: b580a14239cea1640882c144233e8fb4, type: 3}
      propertyPath: m_LocalPosition.y
      value: 0
      objectReference: {fileID: 0}
    - target: {fileID: 7518114797731439621, guid: b580a14239cea1640882c144233e8fb4, type: 3}
      propertyPath: m_LocalPosition.z
      value: 0
      objectReference: {fileID: 0}
    - target: {fileID: 7518114797731439621, guid: b580a14239cea1640882c144233e8fb4, type: 3}
      propertyPath: m_LocalRotation.x
      value: -0
      objectReference: {fileID: 0}
    - target: {fileID: 7518114797731439621, guid: b580a14239cea1640882c144233e8fb4, type: 3}
      propertyPath: m_LocalRotation.y
      value: -0
      objectReference: {fileID: 0}
    - target: {fileID: 7518114797731439621, guid: b580a14239cea1640882c144233e8fb4, type: 3}
      propertyPath: m_LocalRotation.z
      value: -0
      objectReference: {fileID: 0}
    - target: {fileID: 7518114797731439621, guid: b580a14239cea1640882c144233e8fb4, type: 3}
      propertyPath: m_LocalRotation.w
      value: 1
      objectReference: {fileID: 0}
    - target: {fileID: 7518114797731439621, guid: b580a14239cea1640882c144233e8fb4, type: 3}
      propertyPath: m_RootOrder
      value: 5
      objectReference: {fileID: 0}
    - target: {fileID: 7518114797731439621, guid: b580a14239cea1640882c144233e8fb4, type: 3}
      propertyPath: m_LocalEulerAnglesHint.x
      value: 0
      objectReference: {fileID: 0}
    - target: {fileID: 7518114797731439621, guid: b580a14239cea1640882c144233e8fb4, type: 3}
      propertyPath: m_LocalEulerAnglesHint.y
      value: 0
      objectReference: {fileID: 0}
    - target: {fileID: 7518114797731439621, guid: b580a14239cea1640882c144233e8fb4, type: 3}
      propertyPath: m_LocalEulerAnglesHint.z
      value: 0
      objectReference: {fileID: 0}
    m_RemovedComponents: []
  m_SourcePrefab: {fileID: 100100000, guid: b580a14239cea1640882c144233e8fb4, type: 3}
--- !u!4 &1036010194374267355 stripped
Transform:
  m_CorrespondingSourceObject: {fileID: 7518114797731439621, guid: b580a14239cea1640882c144233e8fb4, type: 3}
  m_PrefabInstance: {fileID: 7364810748800759262}
  m_PrefabAsset: {fileID: 0}
--- !u!1001 &8788523793446893333
PrefabInstance:
  m_ObjectHideFlags: 0
  serializedVersion: 2
  m_Modification:
    m_TransformParent: {fileID: 7777456527133806797}
    m_Modifications:
    - target: {fileID: 6996852743832914283, guid: b580a14239cea1640882c144233e8fb4, type: 3}
      propertyPath: m_Name
      value: BasicBlockPrefab (10)
      objectReference: {fileID: 0}
    - target: {fileID: 7518114797731439621, guid: b580a14239cea1640882c144233e8fb4, type: 3}
      propertyPath: m_LocalPosition.x
      value: 5
      objectReference: {fileID: 0}
    - target: {fileID: 7518114797731439621, guid: b580a14239cea1640882c144233e8fb4, type: 3}
      propertyPath: m_LocalPosition.y
      value: 0
      objectReference: {fileID: 0}
    - target: {fileID: 7518114797731439621, guid: b580a14239cea1640882c144233e8fb4, type: 3}
      propertyPath: m_LocalPosition.z
      value: -1
      objectReference: {fileID: 0}
    - target: {fileID: 7518114797731439621, guid: b580a14239cea1640882c144233e8fb4, type: 3}
      propertyPath: m_LocalRotation.x
      value: -0
      objectReference: {fileID: 0}
    - target: {fileID: 7518114797731439621, guid: b580a14239cea1640882c144233e8fb4, type: 3}
      propertyPath: m_LocalRotation.y
      value: -0
      objectReference: {fileID: 0}
    - target: {fileID: 7518114797731439621, guid: b580a14239cea1640882c144233e8fb4, type: 3}
      propertyPath: m_LocalRotation.z
      value: -0
      objectReference: {fileID: 0}
    - target: {fileID: 7518114797731439621, guid: b580a14239cea1640882c144233e8fb4, type: 3}
      propertyPath: m_LocalRotation.w
      value: 1
      objectReference: {fileID: 0}
    - target: {fileID: 7518114797731439621, guid: b580a14239cea1640882c144233e8fb4, type: 3}
      propertyPath: m_RootOrder
      value: 4
      objectReference: {fileID: 0}
    - target: {fileID: 7518114797731439621, guid: b580a14239cea1640882c144233e8fb4, type: 3}
      propertyPath: m_LocalEulerAnglesHint.x
      value: 0
      objectReference: {fileID: 0}
    - target: {fileID: 7518114797731439621, guid: b580a14239cea1640882c144233e8fb4, type: 3}
      propertyPath: m_LocalEulerAnglesHint.y
      value: 0
      objectReference: {fileID: 0}
    - target: {fileID: 7518114797731439621, guid: b580a14239cea1640882c144233e8fb4, type: 3}
      propertyPath: m_LocalEulerAnglesHint.z
      value: 0
      objectReference: {fileID: 0}
    m_RemovedComponents: []
  m_SourcePrefab: {fileID: 100100000, guid: b580a14239cea1640882c144233e8fb4, type: 3}
--- !u!4 &1270769638851711760 stripped
Transform:
  m_CorrespondingSourceObject: {fileID: 7518114797731439621, guid: b580a14239cea1640882c144233e8fb4, type: 3}
  m_PrefabInstance: {fileID: 8788523793446893333}
  m_PrefabAsset: {fileID: 0}
--- !u!1001 &8955792912736558231
PrefabInstance:
  m_ObjectHideFlags: 0
  serializedVersion: 2
  m_Modification:
    m_TransformParent: {fileID: 7777456527133806797}
    m_Modifications:
    - target: {fileID: 6996852743832914283, guid: b580a14239cea1640882c144233e8fb4, type: 3}
      propertyPath: m_Name
      value: BasicBlockPrefab (6)
      objectReference: {fileID: 0}
    - target: {fileID: 7518114797731439621, guid: b580a14239cea1640882c144233e8fb4, type: 3}
      propertyPath: m_LocalPosition.x
      value: -4
      objectReference: {fileID: 0}
    - target: {fileID: 7518114797731439621, guid: b580a14239cea1640882c144233e8fb4, type: 3}
      propertyPath: m_LocalPosition.y
      value: 0
      objectReference: {fileID: 0}
    - target: {fileID: 7518114797731439621, guid: b580a14239cea1640882c144233e8fb4, type: 3}
      propertyPath: m_LocalPosition.z
      value: 0
      objectReference: {fileID: 0}
    - target: {fileID: 7518114797731439621, guid: b580a14239cea1640882c144233e8fb4, type: 3}
      propertyPath: m_LocalRotation.x
      value: -0
      objectReference: {fileID: 0}
    - target: {fileID: 7518114797731439621, guid: b580a14239cea1640882c144233e8fb4, type: 3}
      propertyPath: m_LocalRotation.y
      value: -0
      objectReference: {fileID: 0}
    - target: {fileID: 7518114797731439621, guid: b580a14239cea1640882c144233e8fb4, type: 3}
      propertyPath: m_LocalRotation.z
      value: -0
      objectReference: {fileID: 0}
    - target: {fileID: 7518114797731439621, guid: b580a14239cea1640882c144233e8fb4, type: 3}
      propertyPath: m_LocalRotation.w
      value: 1
      objectReference: {fileID: 0}
    - target: {fileID: 7518114797731439621, guid: b580a14239cea1640882c144233e8fb4, type: 3}
      propertyPath: m_RootOrder
      value: 1
      objectReference: {fileID: 0}
    - target: {fileID: 7518114797731439621, guid: b580a14239cea1640882c144233e8fb4, type: 3}
      propertyPath: m_LocalEulerAnglesHint.x
      value: 0
      objectReference: {fileID: 0}
    - target: {fileID: 7518114797731439621, guid: b580a14239cea1640882c144233e8fb4, type: 3}
      propertyPath: m_LocalEulerAnglesHint.y
      value: 0
      objectReference: {fileID: 0}
    - target: {fileID: 7518114797731439621, guid: b580a14239cea1640882c144233e8fb4, type: 3}
      propertyPath: m_LocalEulerAnglesHint.z
      value: 0
      objectReference: {fileID: 0}
    m_RemovedComponents: []
  m_SourcePrefab: {fileID: 100100000, guid: b580a14239cea1640882c144233e8fb4, type: 3}
--- !u!4 &1449292283252603026 stripped
Transform:
  m_CorrespondingSourceObject: {fileID: 7518114797731439621, guid: b580a14239cea1640882c144233e8fb4, type: 3}
  m_PrefabInstance: {fileID: 8955792912736558231}
  m_PrefabAsset: {fileID: 0}
