%YAML 1.1
%TAG !u! tag:unity3d.com,2011:
--- !u!1 &3717355275967298691
GameObject:
  m_ObjectHideFlags: 0
  m_CorrespondingSourceObject: {fileID: 0}
  m_PrefabInstance: {fileID: 0}
  m_PrefabAsset: {fileID: 0}
  serializedVersion: 6
  m_Component:
  - component: {fileID: 3717355275967298812}
  - component: {fileID: 6083020865959350539}
  m_Layer: 0
  m_Name: DoorWayS 001 Prefab
  m_TagString: Untagged
  m_Icon: {fileID: 0}
  m_NavMeshLayer: 0
  m_StaticEditorFlags: 0
  m_IsActive: 1
--- !u!4 &3717355275967298812
Transform:
  m_ObjectHideFlags: 0
  m_CorrespondingSourceObject: {fileID: 0}
  m_PrefabInstance: {fileID: 0}
  m_PrefabAsset: {fileID: 0}
  m_GameObject: {fileID: 3717355275967298691}
  m_LocalRotation: {x: 0, y: 0, z: 0, w: 1}
  m_LocalPosition: {x: 0, y: 0, z: 0}
  m_LocalScale: {x: 1, y: 1, z: 1}
  m_Children:
  - {fileID: 3754888906476085488}
  - {fileID: 1320226561809387837}
  - {fileID: 3196754226886002359}
  m_Father: {fileID: 0}
  m_RootOrder: 0
  m_LocalEulerAnglesHint: {x: 0, y: 0, z: 0}
--- !u!114 &6083020865959350539
MonoBehaviour:
  m_ObjectHideFlags: 0
  m_CorrespondingSourceObject: {fileID: 0}
  m_PrefabInstance: {fileID: 0}
  m_PrefabAsset: {fileID: 0}
  m_GameObject: {fileID: 3717355275967298691}
  m_Enabled: 1
  m_EditorHideFlags: 0
  m_Script: {fileID: 11500000, guid: f7c4127a5928414e99da6e1cd74bd4ff, type: 3}
  m_Name: 
  m_EditorClassIdentifier: 
  _doorAnimator: {fileID: 6216258538427168637}
  _doorSound: {fileID: 6800720768434166109}
  _collisionBlocks:
  - {fileID: 8424282057538634179}
  - {fileID: 8994490902859233436}
--- !u!95 &6216258538427168637
Animator:
  serializedVersion: 3
  m_ObjectHideFlags: 0
  m_CorrespondingSourceObject: {fileID: 0}
  m_PrefabInstance: {fileID: 0}
  m_PrefabAsset: {fileID: 0}
  m_GameObject: {fileID: 4564357799907146314}
  m_Enabled: 1
  m_Avatar: {fileID: 0}
  m_Controller: {fileID: 9100000, guid: fdb1f2bd2385aef498d314900c90fcef, type: 2}
  m_CullingMode: 0
  m_UpdateMode: 0
  m_ApplyRootMotion: 0
  m_LinearVelocityBlending: 0
  m_WarningMessage: 
  m_HasTransformHierarchy: 1
  m_AllowConstantClipSamplingOptimization: 1
  m_KeepAnimatorControllerStateOnDisable: 0
--- !u!1001 &1717106998117095871
PrefabInstance:
  m_ObjectHideFlags: 0
  serializedVersion: 2
  m_Modification:
    m_TransformParent: {fileID: 3717355275967298812}
    m_Modifications:
    - target: {fileID: 1869934927921456924, guid: 8816d3e82817afb44971c3a609afe99d, type: 3}
      propertyPath: m_Range
      value: 3.32
      objectReference: {fileID: 0}
    - target: {fileID: 1869934927921456924, guid: 8816d3e82817afb44971c3a609afe99d, type: 3}
      propertyPath: m_Color.r
      value: 0.3279149
      objectReference: {fileID: 0}
    - target: {fileID: 1869934927921456924, guid: 8816d3e82817afb44971c3a609afe99d, type: 3}
      propertyPath: m_Color.g
      value: 0.6132076
      objectReference: {fileID: 0}
    - target: {fileID: 1869934927921456924, guid: 8816d3e82817afb44971c3a609afe99d, type: 3}
      propertyPath: m_Color.b
      value: 0.2973478
      objectReference: {fileID: 0}
    - target: {fileID: 4151707113078979885, guid: 8816d3e82817afb44971c3a609afe99d, type: 3}
      propertyPath: m_Name
      value: WallLight
      objectReference: {fileID: 0}
    - target: {fileID: 4290035709993000712, guid: 8816d3e82817afb44971c3a609afe99d, type: 3}
      propertyPath: m_LocalPosition.x
      value: 0.15
      objectReference: {fileID: 0}
    - target: {fileID: 4290035709993000712, guid: 8816d3e82817afb44971c3a609afe99d, type: 3}
      propertyPath: m_LocalPosition.y
      value: 1.55
      objectReference: {fileID: 0}
    - target: {fileID: 4290035709993000712, guid: 8816d3e82817afb44971c3a609afe99d, type: 3}
      propertyPath: m_LocalPosition.z
      value: -1.28
      objectReference: {fileID: 0}
    - target: {fileID: 4290035709993000712, guid: 8816d3e82817afb44971c3a609afe99d, type: 3}
      propertyPath: m_LocalRotation.x
      value: 0
      objectReference: {fileID: 0}
    - target: {fileID: 4290035709993000712, guid: 8816d3e82817afb44971c3a609afe99d, type: 3}
      propertyPath: m_LocalRotation.y
      value: 0
      objectReference: {fileID: 0}
    - target: {fileID: 4290035709993000712, guid: 8816d3e82817afb44971c3a609afe99d, type: 3}
      propertyPath: m_LocalRotation.z
      value: 0
      objectReference: {fileID: 0}
    - target: {fileID: 4290035709993000712, guid: 8816d3e82817afb44971c3a609afe99d, type: 3}
      propertyPath: m_LocalRotation.w
      value: 1
      objectReference: {fileID: 0}
    - target: {fileID: 4290035709993000712, guid: 8816d3e82817afb44971c3a609afe99d, type: 3}
      propertyPath: m_RootOrder
      value: 2
      objectReference: {fileID: 0}
    - target: {fileID: 4290035709993000712, guid: 8816d3e82817afb44971c3a609afe99d, type: 3}
      propertyPath: m_LocalEulerAnglesHint.x
      value: 0
      objectReference: {fileID: 0}
    - target: {fileID: 4290035709993000712, guid: 8816d3e82817afb44971c3a609afe99d, type: 3}
      propertyPath: m_LocalEulerAnglesHint.y
      value: 0
      objectReference: {fileID: 0}
    - target: {fileID: 4290035709993000712, guid: 8816d3e82817afb44971c3a609afe99d, type: 3}
      propertyPath: m_LocalEulerAnglesHint.z
      value: 0
      objectReference: {fileID: 0}
    m_RemovedComponents: []
  m_SourcePrefab: {fileID: 100100000, guid: 8816d3e82817afb44971c3a609afe99d, type: 3}
--- !u!4 &3196754226886002359 stripped
Transform:
  m_CorrespondingSourceObject: {fileID: 4290035709993000712, guid: 8816d3e82817afb44971c3a609afe99d, type: 3}
  m_PrefabInstance: {fileID: 1717106998117095871}
  m_PrefabAsset: {fileID: 0}
--- !u!1001 &3717355275820369691
PrefabInstance:
  m_ObjectHideFlags: 0
  serializedVersion: 2
  m_Modification:
    m_TransformParent: {fileID: 3717355275967298812}
    m_Modifications:
    - target: {fileID: -8679921383154817045, guid: 4d563612dea143045b16e6d67cbe5082, type: 3}
      propertyPath: m_LocalPosition.x
      value: 0.5
      objectReference: {fileID: 0}
    - target: {fileID: -8679921383154817045, guid: 4d563612dea143045b16e6d67cbe5082, type: 3}
      propertyPath: m_LocalPosition.y
      value: 0
      objectReference: {fileID: 0}
    - target: {fileID: -8679921383154817045, guid: 4d563612dea143045b16e6d67cbe5082, type: 3}
      propertyPath: m_LocalPosition.z
      value: 0.5
      objectReference: {fileID: 0}
    - target: {fileID: -8679921383154817045, guid: 4d563612dea143045b16e6d67cbe5082, type: 3}
      propertyPath: m_LocalRotation.x
      value: -0.7071068
      objectReference: {fileID: 0}
    - target: {fileID: -8679921383154817045, guid: 4d563612dea143045b16e6d67cbe5082, type: 3}
      propertyPath: m_LocalRotation.y
      value: -0
      objectReference: {fileID: 0}
    - target: {fileID: -8679921383154817045, guid: 4d563612dea143045b16e6d67cbe5082, type: 3}
      propertyPath: m_LocalRotation.z
      value: -0
      objectReference: {fileID: 0}
    - target: {fileID: -8679921383154817045, guid: 4d563612dea143045b16e6d67cbe5082, type: 3}
      propertyPath: m_LocalRotation.w
      value: 0.7071068
      objectReference: {fileID: 0}
    - target: {fileID: -8679921383154817045, guid: 4d563612dea143045b16e6d67cbe5082, type: 3}
      propertyPath: m_RootOrder
      value: 0
      objectReference: {fileID: 0}
    - target: {fileID: -8679921383154817045, guid: 4d563612dea143045b16e6d67cbe5082, type: 3}
      propertyPath: m_LocalEulerAnglesHint.x
      value: 0
      objectReference: {fileID: 0}
    - target: {fileID: -8679921383154817045, guid: 4d563612dea143045b16e6d67cbe5082, type: 3}
      propertyPath: m_LocalEulerAnglesHint.y
      value: 0
      objectReference: {fileID: 0}
    - target: {fileID: -8679921383154817045, guid: 4d563612dea143045b16e6d67cbe5082, type: 3}
      propertyPath: m_LocalEulerAnglesHint.z
      value: 0
      objectReference: {fileID: 0}
    - target: {fileID: -3310402507704979122, guid: 4d563612dea143045b16e6d67cbe5082, type: 3}
      propertyPath: m_Materials.Array.data[0]
      value: 
      objectReference: {fileID: 2100000, guid: 664de231238bb1440b9f13e39f7bb877, type: 2}
    - target: {fileID: -1834405129993645050, guid: 4d563612dea143045b16e6d67cbe5082, type: 3}
      propertyPath: m_Materials.Array.data[0]
      value: 
      objectReference: {fileID: 2100000, guid: 664de231238bb1440b9f13e39f7bb877, type: 2}
    - target: {fileID: 919132149155446097, guid: 4d563612dea143045b16e6d67cbe5082, type: 3}
      propertyPath: m_Name
      value: DoorWayS 001
      objectReference: {fileID: 0}
    - target: {fileID: 8618715608068353396, guid: 4d563612dea143045b16e6d67cbe5082, type: 3}
      propertyPath: m_Materials.Array.data[0]
      value: 
      objectReference: {fileID: 2100000, guid: 664de231238bb1440b9f13e39f7bb877, type: 2}
    m_RemovedComponents: []
  m_SourcePrefab: {fileID: 100100000, guid: 4d563612dea143045b16e6d67cbe5082, type: 3}
--- !u!1 &4564357799907146314 stripped
GameObject:
  m_CorrespondingSourceObject: {fileID: 919132149155446097, guid: 4d563612dea143045b16e6d67cbe5082, type: 3}
  m_PrefabInstance: {fileID: 3717355275820369691}
  m_PrefabAsset: {fileID: 0}
--- !u!4 &3754888906476085488 stripped
Transform:
  m_CorrespondingSourceObject: {fileID: -8679921383154817045, guid: 4d563612dea143045b16e6d67cbe5082, type: 3}
  m_PrefabInstance: {fileID: 3717355275820369691}
  m_PrefabAsset: {fileID: 0}
--- !u!1001 &4821599071108942300
PrefabInstance:
  m_ObjectHideFlags: 0
  serializedVersion: 2
  m_Modification:
    m_TransformParent: {fileID: 3717355275967298812}
    m_Modifications:
    - target: {fileID: 5817421323053455585, guid: e547dade02d04b246b9be8a2165dd798, type: 3}
      propertyPath: m_LocalPosition.x
      value: 0
      objectReference: {fileID: 0}
    - target: {fileID: 5817421323053455585, guid: e547dade02d04b246b9be8a2165dd798, type: 3}
      propertyPath: m_LocalPosition.y
      value: 0
      objectReference: {fileID: 0}
    - target: {fileID: 5817421323053455585, guid: e547dade02d04b246b9be8a2165dd798, type: 3}
      propertyPath: m_LocalPosition.z
      value: 0
      objectReference: {fileID: 0}
    - target: {fileID: 5817421323053455585, guid: e547dade02d04b246b9be8a2165dd798, type: 3}
      propertyPath: m_LocalRotation.x
      value: -0
      objectReference: {fileID: 0}
    - target: {fileID: 5817421323053455585, guid: e547dade02d04b246b9be8a2165dd798, type: 3}
      propertyPath: m_LocalRotation.y
      value: -0
      objectReference: {fileID: 0}
    - target: {fileID: 5817421323053455585, guid: e547dade02d04b246b9be8a2165dd798, type: 3}
      propertyPath: m_LocalRotation.z
      value: -0
      objectReference: {fileID: 0}
    - target: {fileID: 5817421323053455585, guid: e547dade02d04b246b9be8a2165dd798, type: 3}
      propertyPath: m_LocalRotation.w
      value: 1
      objectReference: {fileID: 0}
    - target: {fileID: 5817421323053455585, guid: e547dade02d04b246b9be8a2165dd798, type: 3}
      propertyPath: m_RootOrder
      value: 1
      objectReference: {fileID: 0}
    - target: {fileID: 5817421323053455585, guid: e547dade02d04b246b9be8a2165dd798, type: 3}
      propertyPath: m_LocalEulerAnglesHint.x
      value: 0
      objectReference: {fileID: 0}
    - target: {fileID: 5817421323053455585, guid: e547dade02d04b246b9be8a2165dd798, type: 3}
      propertyPath: m_LocalEulerAnglesHint.y
      value: 0
      objectReference: {fileID: 0}
    - target: {fileID: 5817421323053455585, guid: e547dade02d04b246b9be8a2165dd798, type: 3}
      propertyPath: m_LocalEulerAnglesHint.z
      value: 0
      objectReference: {fileID: 0}
    - target: {fileID: 8309316811297027027, guid: e547dade02d04b246b9be8a2165dd798, type: 3}
      propertyPath: m_Name
      value: SimpleDoorData
      objectReference: {fileID: 0}
    m_RemovedComponents: []
  m_SourcePrefab: {fileID: 100100000, guid: e547dade02d04b246b9be8a2165dd798, type: 3}
--- !u!4 &1320226561809387837 stripped
Transform:
  m_CorrespondingSourceObject: {fileID: 5817421323053455585, guid: e547dade02d04b246b9be8a2165dd798, type: 3}
  m_PrefabInstance: {fileID: 4821599071108942300}
  m_PrefabAsset: {fileID: 0}
--- !u!4 &8424282057538634179 stripped
Transform:
  m_CorrespondingSourceObject: {fileID: 3891335662305331231, guid: e547dade02d04b246b9be8a2165dd798, type: 3}
  m_PrefabInstance: {fileID: 4821599071108942300}
  m_PrefabAsset: {fileID: 0}
--- !u!4 &8994490902859233436 stripped
Transform:
  m_CorrespondingSourceObject: {fileID: 4484207667134689600, guid: e547dade02d04b246b9be8a2165dd798, type: 3}
  m_PrefabInstance: {fileID: 4821599071108942300}
  m_PrefabAsset: {fileID: 0}
--- !u!82 &6800720768434166109 stripped
AudioSource:
  m_CorrespondingSourceObject: {fileID: 2056105774839402625, guid: e547dade02d04b246b9be8a2165dd798, type: 3}
  m_PrefabInstance: {fileID: 4821599071108942300}
  m_PrefabAsset: {fileID: 0}
