%YAML 1.1
%TAG !u! tag:unity3d.com,2011:
--- !u!1 &2173212684756603668
GameObject:
  m_ObjectHideFlags: 0
  m_CorrespondingSourceObject: {fileID: 0}
  m_PrefabInstance: {fileID: 0}
  m_PrefabAsset: {fileID: 0}
  serializedVersion: 6
  m_Component:
  - component: {fileID: 9071965833411527590}
  m_Layer: 0
  m_Name: SpawnPosition
  m_TagString: Untagged
  m_Icon: {fileID: 0}
  m_NavMeshLayer: 0
  m_StaticEditorFlags: 0
  m_IsActive: 1
--- !u!4 &9071965833411527590
Transform:
  m_ObjectHideFlags: 0
  m_CorrespondingSourceObject: {fileID: 0}
  m_PrefabInstance: {fileID: 0}
  m_PrefabAsset: {fileID: 0}
  m_GameObject: {fileID: 2173212684756603668}
  m_LocalRotation: {x: -0, y: -0, z: -0, w: 1}
  m_LocalPosition: {x: 1, y: 0, z: -3}
  m_LocalScale: {x: 1, y: 1, z: 1}
  m_Children: []
  m_Father: {fileID: 2625647670132316620}
  m_RootOrder: 0
  m_LocalEulerAnglesHint: {x: 0, y: 0, z: 0}
--- !u!1 &2625647670132316623
GameObject:
  m_ObjectHideFlags: 0
  m_CorrespondingSourceObject: {fileID: 0}
  m_PrefabInstance: {fileID: 0}
  m_PrefabAsset: {fileID: 0}
  serializedVersion: 6
  m_Component:
  - component: {fileID: 2625647670132316620}
  - component: {fileID: 5195940953862903735}
  m_Layer: 0
  m_Name: Level Template
  m_TagString: Untagged
  m_Icon: {fileID: 0}
  m_NavMeshLayer: 0
  m_StaticEditorFlags: 0
  m_IsActive: 1
--- !u!4 &2625647670132316620
Transform:
  m_ObjectHideFlags: 0
  m_CorrespondingSourceObject: {fileID: 0}
  m_PrefabInstance: {fileID: 0}
  m_PrefabAsset: {fileID: 0}
  m_GameObject: {fileID: 2625647670132316623}
  m_LocalRotation: {x: 0, y: 0, z: 0, w: 1}
  m_LocalPosition: {x: 0, y: 0, z: 0}
  m_LocalScale: {x: 1, y: 1, z: 1}
  m_Children:
  - {fileID: 9071965833411527590}
  - {fileID: 1938486575095202886}
  - {fileID: 9005606635951512723}
  - {fileID: 4106193964540148325}
  - {fileID: 5306883011069863776}
  m_Father: {fileID: 0}
  m_RootOrder: 0
  m_LocalEulerAnglesHint: {x: 0, y: 0, z: 0}
--- !u!114 &5195940953862903735
MonoBehaviour:
  m_ObjectHideFlags: 0
  m_CorrespondingSourceObject: {fileID: 0}
  m_PrefabInstance: {fileID: 0}
  m_PrefabAsset: {fileID: 0}
  m_GameObject: {fileID: 2625647670132316623}
  m_Enabled: 1
  m_EditorHideFlags: 0
  m_Script: {fileID: 11500000, guid: 2483bb475184404f81d9cc4eeea25bb8, type: 3}
  m_Name: 
  m_EditorClassIdentifier: 
  _spawnPosition: {fileID: 9071965833411527590}
--- !u!1 &3638872166770542896
GameObject:
  m_ObjectHideFlags: 0
  m_CorrespondingSourceObject: {fileID: 0}
  m_PrefabInstance: {fileID: 0}
  m_PrefabAsset: {fileID: 0}
  serializedVersion: 6
  m_Component:
  - component: {fileID: 5306883011069863776}
  m_Layer: 0
  m_Name: Walls
  m_TagString: Untagged
  m_Icon: {fileID: 0}
  m_NavMeshLayer: 0
  m_StaticEditorFlags: 0
  m_IsActive: 1
--- !u!4 &5306883011069863776
Transform:
  m_ObjectHideFlags: 0
  m_CorrespondingSourceObject: {fileID: 0}
  m_PrefabInstance: {fileID: 0}
  m_PrefabAsset: {fileID: 0}
  m_GameObject: {fileID: 3638872166770542896}
  m_LocalRotation: {x: -0, y: -0, z: -0, w: 1}
  m_LocalPosition: {x: 0, y: 0, z: 0}
  m_LocalScale: {x: 1, y: 1, z: 1}
  m_Children:
  - {fileID: 5946085937726695226}
  - {fileID: 6939050629414755436}
  m_Father: {fileID: 2625647670132316620}
  m_RootOrder: 4
  m_LocalEulerAnglesHint: {x: 0, y: 0, z: 0}
--- !u!1 &4370388316744719899
GameObject:
  m_ObjectHideFlags: 0
  m_CorrespondingSourceObject: {fileID: 0}
  m_PrefabInstance: {fileID: 0}
  m_PrefabAsset: {fileID: 0}
  serializedVersion: 6
  m_Component:
  - component: {fileID: 9005606635951512723}
  m_Layer: 0
  m_Name: Decors
  m_TagString: Untagged
  m_Icon: {fileID: 0}
  m_NavMeshLayer: 0
  m_StaticEditorFlags: 0
  m_IsActive: 1
--- !u!4 &9005606635951512723
Transform:
  m_ObjectHideFlags: 0
  m_CorrespondingSourceObject: {fileID: 0}
  m_PrefabInstance: {fileID: 0}
  m_PrefabAsset: {fileID: 0}
  m_GameObject: {fileID: 4370388316744719899}
  m_LocalRotation: {x: -0, y: -0, z: -0, w: 1}
  m_LocalPosition: {x: 0, y: 0, z: 0}
  m_LocalScale: {x: 1, y: 1, z: 1}
  m_Children:
  - {fileID: 8437169616411927322}
  - {fileID: 2661504760729577674}
  - {fileID: 2429581915038884913}
  - {fileID: 4550247933645343665}
  - {fileID: 779675449711453935}
  - {fileID: 7688047697589334743}
  - {fileID: 9197061019482132781}
  - {fileID: 7733152155234744582}
  - {fileID: 2206013335641506797}
  - {fileID: 4988017013695938309}
  - {fileID: 7308943113339184149}
  - {fileID: 2496587648540523131}
  m_Father: {fileID: 2625647670132316620}
  m_RootOrder: 2
  m_LocalEulerAnglesHint: {x: 0, y: 0, z: 0}
--- !u!1001 &536445399994747155
PrefabInstance:
  m_ObjectHideFlags: 0
  serializedVersion: 2
  m_Modification:
    m_TransformParent: {fileID: 9005606635951512723}
    m_Modifications:
    - target: {fileID: 7791362414938976276, guid: 051a17ae738dd9844b1e2defaa8e2b43, type: 3}
      propertyPath: m_Name
      value: WallM 001 Prefab (1)
      objectReference: {fileID: 0}
    - target: {fileID: 7791362414938976277, guid: 051a17ae738dd9844b1e2defaa8e2b43, type: 3}
      propertyPath: m_LocalPosition.x
      value: -7
      objectReference: {fileID: 0}
    - target: {fileID: 7791362414938976277, guid: 051a17ae738dd9844b1e2defaa8e2b43, type: 3}
      propertyPath: m_LocalPosition.y
      value: 0
      objectReference: {fileID: 0}
    - target: {fileID: 7791362414938976277, guid: 051a17ae738dd9844b1e2defaa8e2b43, type: 3}
      propertyPath: m_LocalPosition.z
      value: 1
      objectReference: {fileID: 0}
    - target: {fileID: 7791362414938976277, guid: 051a17ae738dd9844b1e2defaa8e2b43, type: 3}
      propertyPath: m_LocalRotation.x
      value: -0
      objectReference: {fileID: 0}
    - target: {fileID: 7791362414938976277, guid: 051a17ae738dd9844b1e2defaa8e2b43, type: 3}
      propertyPath: m_LocalRotation.y
      value: 1
      objectReference: {fileID: 0}
    - target: {fileID: 7791362414938976277, guid: 051a17ae738dd9844b1e2defaa8e2b43, type: 3}
      propertyPath: m_LocalRotation.z
      value: -0
      objectReference: {fileID: 0}
    - target: {fileID: 7791362414938976277, guid: 051a17ae738dd9844b1e2defaa8e2b43, type: 3}
      propertyPath: m_LocalRotation.w
      value: 0
      objectReference: {fileID: 0}
    - target: {fileID: 7791362414938976277, guid: 051a17ae738dd9844b1e2defaa8e2b43, type: 3}
      propertyPath: m_RootOrder
      value: 7
      objectReference: {fileID: 0}
    - target: {fileID: 7791362414938976277, guid: 051a17ae738dd9844b1e2defaa8e2b43, type: 3}
      propertyPath: m_LocalEulerAnglesHint.x
      value: 0
      objectReference: {fileID: 0}
    - target: {fileID: 7791362414938976277, guid: 051a17ae738dd9844b1e2defaa8e2b43, type: 3}
      propertyPath: m_LocalEulerAnglesHint.y
      value: 180
      objectReference: {fileID: 0}
    - target: {fileID: 7791362414938976277, guid: 051a17ae738dd9844b1e2defaa8e2b43, type: 3}
      propertyPath: m_LocalEulerAnglesHint.z
      value: 0
      objectReference: {fileID: 0}
    m_RemovedComponents: []
  m_SourcePrefab: {fileID: 100100000, guid: 051a17ae738dd9844b1e2defaa8e2b43, type: 3}
--- !u!4 &7733152155234744582 stripped
Transform:
  m_CorrespondingSourceObject: {fileID: 7791362414938976277, guid: 051a17ae738dd9844b1e2defaa8e2b43, type: 3}
  m_PrefabInstance: {fileID: 536445399994747155}
  m_PrefabAsset: {fileID: 0}
--- !u!1001 &670737137743352832
PrefabInstance:
  m_ObjectHideFlags: 0
  serializedVersion: 2
  m_Modification:
    m_TransformParent: {fileID: 9005606635951512723}
    m_Modifications:
    - target: {fileID: 7791362414938976276, guid: 051a17ae738dd9844b1e2defaa8e2b43, type: 3}
      propertyPath: m_Name
      value: WallM 001 Prefab (4)
      objectReference: {fileID: 0}
    - target: {fileID: 7791362414938976277, guid: 051a17ae738dd9844b1e2defaa8e2b43, type: 3}
      propertyPath: m_LocalPosition.x
      value: 5
      objectReference: {fileID: 0}
    - target: {fileID: 7791362414938976277, guid: 051a17ae738dd9844b1e2defaa8e2b43, type: 3}
      propertyPath: m_LocalPosition.y
      value: 0
      objectReference: {fileID: 0}
    - target: {fileID: 7791362414938976277, guid: 051a17ae738dd9844b1e2defaa8e2b43, type: 3}
      propertyPath: m_LocalPosition.z
      value: 4
      objectReference: {fileID: 0}
    - target: {fileID: 7791362414938976277, guid: 051a17ae738dd9844b1e2defaa8e2b43, type: 3}
      propertyPath: m_LocalRotation.x
      value: -0
      objectReference: {fileID: 0}
    - target: {fileID: 7791362414938976277, guid: 051a17ae738dd9844b1e2defaa8e2b43, type: 3}
      propertyPath: m_LocalRotation.y
      value: -0.7071068
      objectReference: {fileID: 0}
    - target: {fileID: 7791362414938976277, guid: 051a17ae738dd9844b1e2defaa8e2b43, type: 3}
      propertyPath: m_LocalRotation.z
      value: -0
      objectReference: {fileID: 0}
    - target: {fileID: 7791362414938976277, guid: 051a17ae738dd9844b1e2defaa8e2b43, type: 3}
      propertyPath: m_LocalRotation.w
      value: 0.7071068
      objectReference: {fileID: 0}
    - target: {fileID: 7791362414938976277, guid: 051a17ae738dd9844b1e2defaa8e2b43, type: 3}
      propertyPath: m_RootOrder
      value: 10
      objectReference: {fileID: 0}
    - target: {fileID: 7791362414938976277, guid: 051a17ae738dd9844b1e2defaa8e2b43, type: 3}
      propertyPath: m_LocalEulerAnglesHint.x
      value: 0
      objectReference: {fileID: 0}
    - target: {fileID: 7791362414938976277, guid: 051a17ae738dd9844b1e2defaa8e2b43, type: 3}
      propertyPath: m_LocalEulerAnglesHint.y
      value: -90
      objectReference: {fileID: 0}
    - target: {fileID: 7791362414938976277, guid: 051a17ae738dd9844b1e2defaa8e2b43, type: 3}
      propertyPath: m_LocalEulerAnglesHint.z
      value: 0
      objectReference: {fileID: 0}
    m_RemovedComponents: []
  m_SourcePrefab: {fileID: 100100000, guid: 051a17ae738dd9844b1e2defaa8e2b43, type: 3}
--- !u!4 &7308943113339184149 stripped
Transform:
  m_CorrespondingSourceObject: {fileID: 7791362414938976277, guid: 051a17ae738dd9844b1e2defaa8e2b43, type: 3}
  m_PrefabInstance: {fileID: 670737137743352832}
  m_PrefabAsset: {fileID: 0}
--- !u!1001 &1108976573576195025
PrefabInstance:
  m_ObjectHideFlags: 0
  serializedVersion: 2
  m_Modification:
    m_TransformParent: {fileID: 9005606635951512723}
    m_Modifications:
    - target: {fileID: 7337083924569348358, guid: b23c87308b56290489238fdafb7b5900, type: 3}
      propertyPath: m_LocalPosition.x
      value: 4
      objectReference: {fileID: 0}
    - target: {fileID: 7337083924569348358, guid: b23c87308b56290489238fdafb7b5900, type: 3}
      propertyPath: m_LocalPosition.y
      value: 0
      objectReference: {fileID: 0}
    - target: {fileID: 7337083924569348358, guid: b23c87308b56290489238fdafb7b5900, type: 3}
      propertyPath: m_LocalPosition.z
      value: 0
      objectReference: {fileID: 0}
    - target: {fileID: 7337083924569348358, guid: b23c87308b56290489238fdafb7b5900, type: 3}
      propertyPath: m_LocalRotation.x
      value: -0
      objectReference: {fileID: 0}
    - target: {fileID: 7337083924569348358, guid: b23c87308b56290489238fdafb7b5900, type: 3}
      propertyPath: m_LocalRotation.y
      value: -0
      objectReference: {fileID: 0}
    - target: {fileID: 7337083924569348358, guid: b23c87308b56290489238fdafb7b5900, type: 3}
      propertyPath: m_LocalRotation.z
      value: -0
      objectReference: {fileID: 0}
    - target: {fileID: 7337083924569348358, guid: b23c87308b56290489238fdafb7b5900, type: 3}
      propertyPath: m_LocalRotation.w
      value: 1
      objectReference: {fileID: 0}
    - target: {fileID: 7337083924569348358, guid: b23c87308b56290489238fdafb7b5900, type: 3}
      propertyPath: m_RootOrder
      value: 5
      objectReference: {fileID: 0}
    - target: {fileID: 7337083924569348358, guid: b23c87308b56290489238fdafb7b5900, type: 3}
      propertyPath: m_LocalEulerAnglesHint.x
      value: 0
      objectReference: {fileID: 0}
    - target: {fileID: 7337083924569348358, guid: b23c87308b56290489238fdafb7b5900, type: 3}
      propertyPath: m_LocalEulerAnglesHint.y
      value: 0
      objectReference: {fileID: 0}
    - target: {fileID: 7337083924569348358, guid: b23c87308b56290489238fdafb7b5900, type: 3}
      propertyPath: m_LocalEulerAnglesHint.z
      value: 0
      objectReference: {fileID: 0}
    - target: {fileID: 8575851576943638721, guid: b23c87308b56290489238fdafb7b5900, type: 3}
      propertyPath: m_Name
      value: GroundM 002 Prefab
      objectReference: {fileID: 0}
    m_RemovedComponents: []
  m_SourcePrefab: {fileID: 100100000, guid: b23c87308b56290489238fdafb7b5900, type: 3}
--- !u!4 &7688047697589334743 stripped
Transform:
  m_CorrespondingSourceObject: {fileID: 7337083924569348358, guid: b23c87308b56290489238fdafb7b5900, type: 3}
  m_PrefabInstance: {fileID: 1108976573576195025}
  m_PrefabAsset: {fileID: 0}
--- !u!1001 &1206988346367930562
PrefabInstance:
  m_ObjectHideFlags: 0
  serializedVersion: 2
  m_Modification:
    m_TransformParent: {fileID: 9005606635951512723}
    m_Modifications:
    - target: {fileID: 5039005815423193056, guid: 54045c6ac3c8f8944824e641affe4dc0, type: 3}
      propertyPath: m_Name
      value: CornerOut 001 Prefab
      objectReference: {fileID: 0}
    - target: {fileID: 7338277570128401368, guid: 54045c6ac3c8f8944824e641affe4dc0, type: 3}
      propertyPath: m_LocalPosition.x
      value: 8
      objectReference: {fileID: 0}
    - target: {fileID: 7338277570128401368, guid: 54045c6ac3c8f8944824e641affe4dc0, type: 3}
      propertyPath: m_LocalPosition.y
      value: 0
      objectReference: {fileID: 0}
    - target: {fileID: 7338277570128401368, guid: 54045c6ac3c8f8944824e641affe4dc0, type: 3}
      propertyPath: m_LocalPosition.z
      value: -4
      objectReference: {fileID: 0}
    - target: {fileID: 7338277570128401368, guid: 54045c6ac3c8f8944824e641affe4dc0, type: 3}
      propertyPath: m_LocalRotation.x
      value: -0
      objectReference: {fileID: 0}
    - target: {fileID: 7338277570128401368, guid: 54045c6ac3c8f8944824e641affe4dc0, type: 3}
      propertyPath: m_LocalRotation.y
      value: -0
      objectReference: {fileID: 0}
    - target: {fileID: 7338277570128401368, guid: 54045c6ac3c8f8944824e641affe4dc0, type: 3}
      propertyPath: m_LocalRotation.z
      value: -0
      objectReference: {fileID: 0}
    - target: {fileID: 7338277570128401368, guid: 54045c6ac3c8f8944824e641affe4dc0, type: 3}
      propertyPath: m_LocalRotation.w
      value: 1
      objectReference: {fileID: 0}
    - target: {fileID: 7338277570128401368, guid: 54045c6ac3c8f8944824e641affe4dc0, type: 3}
      propertyPath: m_RootOrder
      value: 0
      objectReference: {fileID: 0}
    - target: {fileID: 7338277570128401368, guid: 54045c6ac3c8f8944824e641affe4dc0, type: 3}
      propertyPath: m_LocalEulerAnglesHint.x
      value: 0
      objectReference: {fileID: 0}
    - target: {fileID: 7338277570128401368, guid: 54045c6ac3c8f8944824e641affe4dc0, type: 3}
      propertyPath: m_LocalEulerAnglesHint.y
      value: 0
      objectReference: {fileID: 0}
    - target: {fileID: 7338277570128401368, guid: 54045c6ac3c8f8944824e641affe4dc0, type: 3}
      propertyPath: m_LocalEulerAnglesHint.z
      value: 0
      objectReference: {fileID: 0}
    m_RemovedComponents: []
  m_SourcePrefab: {fileID: 100100000, guid: 54045c6ac3c8f8944824e641affe4dc0, type: 3}
--- !u!4 &8437169616411927322 stripped
Transform:
  m_CorrespondingSourceObject: {fileID: 7338277570128401368, guid: 54045c6ac3c8f8944824e641affe4dc0, type: 3}
  m_PrefabInstance: {fileID: 1206988346367930562}
  m_PrefabAsset: {fileID: 0}
--- !u!1001 &1405963741464846648
PrefabInstance:
  m_ObjectHideFlags: 0
  serializedVersion: 2
  m_Modification:
    m_TransformParent: {fileID: 9005606635951512723}
    m_Modifications:
    - target: {fileID: 7791362414938976276, guid: 051a17ae738dd9844b1e2defaa8e2b43, type: 3}
      propertyPath: m_Name
      value: WallM 001 Prefab
      objectReference: {fileID: 0}
    - target: {fileID: 7791362414938976277, guid: 051a17ae738dd9844b1e2defaa8e2b43, type: 3}
      propertyPath: m_LocalPosition.x
      value: 8
      objectReference: {fileID: 0}
    - target: {fileID: 7791362414938976277, guid: 051a17ae738dd9844b1e2defaa8e2b43, type: 3}
      propertyPath: m_LocalPosition.y
      value: 0
      objectReference: {fileID: 0}
    - target: {fileID: 7791362414938976277, guid: 051a17ae738dd9844b1e2defaa8e2b43, type: 3}
      propertyPath: m_LocalPosition.z
      value: 0
      objectReference: {fileID: 0}
    - target: {fileID: 7791362414938976277, guid: 051a17ae738dd9844b1e2defaa8e2b43, type: 3}
      propertyPath: m_LocalRotation.x
      value: -0
      objectReference: {fileID: 0}
    - target: {fileID: 7791362414938976277, guid: 051a17ae738dd9844b1e2defaa8e2b43, type: 3}
      propertyPath: m_LocalRotation.y
      value: -0
      objectReference: {fileID: 0}
    - target: {fileID: 7791362414938976277, guid: 051a17ae738dd9844b1e2defaa8e2b43, type: 3}
      propertyPath: m_LocalRotation.z
      value: -0
      objectReference: {fileID: 0}
    - target: {fileID: 7791362414938976277, guid: 051a17ae738dd9844b1e2defaa8e2b43, type: 3}
      propertyPath: m_LocalRotation.w
      value: 1
      objectReference: {fileID: 0}
    - target: {fileID: 7791362414938976277, guid: 051a17ae738dd9844b1e2defaa8e2b43, type: 3}
      propertyPath: m_RootOrder
      value: 6
      objectReference: {fileID: 0}
    - target: {fileID: 7791362414938976277, guid: 051a17ae738dd9844b1e2defaa8e2b43, type: 3}
      propertyPath: m_LocalEulerAnglesHint.x
      value: 0
      objectReference: {fileID: 0}
    - target: {fileID: 7791362414938976277, guid: 051a17ae738dd9844b1e2defaa8e2b43, type: 3}
      propertyPath: m_LocalEulerAnglesHint.y
      value: 0
      objectReference: {fileID: 0}
    - target: {fileID: 7791362414938976277, guid: 051a17ae738dd9844b1e2defaa8e2b43, type: 3}
      propertyPath: m_LocalEulerAnglesHint.z
      value: 0
      objectReference: {fileID: 0}
    m_RemovedComponents: []
  m_SourcePrefab: {fileID: 100100000, guid: 051a17ae738dd9844b1e2defaa8e2b43, type: 3}
--- !u!4 &9197061019482132781 stripped
Transform:
  m_CorrespondingSourceObject: {fileID: 7791362414938976277, guid: 051a17ae738dd9844b1e2defaa8e2b43, type: 3}
  m_PrefabInstance: {fileID: 1405963741464846648}
  m_PrefabAsset: {fileID: 0}
--- !u!1001 &2961263942857854736
PrefabInstance:
  m_ObjectHideFlags: 0
  serializedVersion: 2
  m_Modification:
    m_TransformParent: {fileID: 9005606635951512723}
    m_Modifications:
    - target: {fileID: 7791362414938976276, guid: 051a17ae738dd9844b1e2defaa8e2b43, type: 3}
      propertyPath: m_Name
      value: WallM 001 Prefab (3)
      objectReference: {fileID: 0}
    - target: {fileID: 7791362414938976277, guid: 051a17ae738dd9844b1e2defaa8e2b43, type: 3}
      propertyPath: m_LocalPosition.x
      value: -4
      objectReference: {fileID: 0}
    - target: {fileID: 7791362414938976277, guid: 051a17ae738dd9844b1e2defaa8e2b43, type: 3}
      propertyPath: m_LocalPosition.y
      value: 0
      objectReference: {fileID: 0}
    - target: {fileID: 7791362414938976277, guid: 051a17ae738dd9844b1e2defaa8e2b43, type: 3}
      propertyPath: m_LocalPosition.z
      value: -3
      objectReference: {fileID: 0}
    - target: {fileID: 7791362414938976277, guid: 051a17ae738dd9844b1e2defaa8e2b43, type: 3}
      propertyPath: m_LocalRotation.x
      value: -0
      objectReference: {fileID: 0}
    - target: {fileID: 7791362414938976277, guid: 051a17ae738dd9844b1e2defaa8e2b43, type: 3}
      propertyPath: m_LocalRotation.y
      value: 0.7071068
      objectReference: {fileID: 0}
    - target: {fileID: 7791362414938976277, guid: 051a17ae738dd9844b1e2defaa8e2b43, type: 3}
      propertyPath: m_LocalRotation.z
      value: -0
      objectReference: {fileID: 0}
    - target: {fileID: 7791362414938976277, guid: 051a17ae738dd9844b1e2defaa8e2b43, type: 3}
      propertyPath: m_LocalRotation.w
      value: 0.7071068
      objectReference: {fileID: 0}
    - target: {fileID: 7791362414938976277, guid: 051a17ae738dd9844b1e2defaa8e2b43, type: 3}
      propertyPath: m_RootOrder
      value: 9
      objectReference: {fileID: 0}
    - target: {fileID: 7791362414938976277, guid: 051a17ae738dd9844b1e2defaa8e2b43, type: 3}
      propertyPath: m_LocalEulerAnglesHint.x
      value: 0
      objectReference: {fileID: 0}
    - target: {fileID: 7791362414938976277, guid: 051a17ae738dd9844b1e2defaa8e2b43, type: 3}
      propertyPath: m_LocalEulerAnglesHint.y
      value: 90
      objectReference: {fileID: 0}
    - target: {fileID: 7791362414938976277, guid: 051a17ae738dd9844b1e2defaa8e2b43, type: 3}
      propertyPath: m_LocalEulerAnglesHint.z
      value: 0
      objectReference: {fileID: 0}
    m_RemovedComponents: []
  m_SourcePrefab: {fileID: 100100000, guid: 051a17ae738dd9844b1e2defaa8e2b43, type: 3}
--- !u!4 &4988017013695938309 stripped
Transform:
  m_CorrespondingSourceObject: {fileID: 7791362414938976277, guid: 051a17ae738dd9844b1e2defaa8e2b43, type: 3}
  m_PrefabInstance: {fileID: 2961263942857854736}
  m_PrefabAsset: {fileID: 0}
--- !u!1001 &3637459519303468666
PrefabInstance:
  m_ObjectHideFlags: 0
  serializedVersion: 2
  m_Modification:
    m_TransformParent: {fileID: 5306883011069863776}
    m_Modifications:
    - target: {fileID: 6989137476528333120, guid: 26f05b8b5360ec44bb8fcda821e14e4c, type: 3}
      propertyPath: m_LocalPosition.x
      value: 0
      objectReference: {fileID: 0}
    - target: {fileID: 6989137476528333120, guid: 26f05b8b5360ec44bb8fcda821e14e4c, type: 3}
      propertyPath: m_LocalPosition.y
      value: 0
      objectReference: {fileID: 0}
    - target: {fileID: 6989137476528333120, guid: 26f05b8b5360ec44bb8fcda821e14e4c, type: 3}
      propertyPath: m_LocalPosition.z
      value: 0
      objectReference: {fileID: 0}
    - target: {fileID: 6989137476528333120, guid: 26f05b8b5360ec44bb8fcda821e14e4c, type: 3}
      propertyPath: m_LocalRotation.x
      value: 0
      objectReference: {fileID: 0}
    - target: {fileID: 6989137476528333120, guid: 26f05b8b5360ec44bb8fcda821e14e4c, type: 3}
      propertyPath: m_LocalRotation.y
      value: 0
      objectReference: {fileID: 0}
    - target: {fileID: 6989137476528333120, guid: 26f05b8b5360ec44bb8fcda821e14e4c, type: 3}
      propertyPath: m_LocalRotation.z
      value: 0
      objectReference: {fileID: 0}
    - target: {fileID: 6989137476528333120, guid: 26f05b8b5360ec44bb8fcda821e14e4c, type: 3}
      propertyPath: m_LocalRotation.w
      value: 1
      objectReference: {fileID: 0}
    - target: {fileID: 6989137476528333120, guid: 26f05b8b5360ec44bb8fcda821e14e4c, type: 3}
      propertyPath: m_RootOrder
      value: 0
      objectReference: {fileID: 0}
    - target: {fileID: 6989137476528333120, guid: 26f05b8b5360ec44bb8fcda821e14e4c, type: 3}
      propertyPath: m_LocalEulerAnglesHint.x
      value: 0
      objectReference: {fileID: 0}
    - target: {fileID: 6989137476528333120, guid: 26f05b8b5360ec44bb8fcda821e14e4c, type: 3}
      propertyPath: m_LocalEulerAnglesHint.y
      value: 0
      objectReference: {fileID: 0}
    - target: {fileID: 6989137476528333120, guid: 26f05b8b5360ec44bb8fcda821e14e4c, type: 3}
      propertyPath: m_LocalEulerAnglesHint.z
      value: 0
      objectReference: {fileID: 0}
    - target: {fileID: 8541550531009497077, guid: 26f05b8b5360ec44bb8fcda821e14e4c, type: 3}
      propertyPath: m_Name
      value: InnerWallLowM 001 Prefab
      objectReference: {fileID: 0}
    m_RemovedComponents: []
  m_SourcePrefab: {fileID: 100100000, guid: 26f05b8b5360ec44bb8fcda821e14e4c, type: 3}
--- !u!4 &5946085937726695226 stripped
Transform:
  m_CorrespondingSourceObject: {fileID: 6989137476528333120, guid: 26f05b8b5360ec44bb8fcda821e14e4c, type: 3}
  m_PrefabInstance: {fileID: 3637459519303468666}
  m_PrefabAsset: {fileID: 0}
--- !u!1001 &4699889852436740882
PrefabInstance:
  m_ObjectHideFlags: 0
  serializedVersion: 2
  m_Modification:
    m_TransformParent: {fileID: 9005606635951512723}
    m_Modifications:
    - target: {fileID: 5039005815423193056, guid: 54045c6ac3c8f8944824e641affe4dc0, type: 3}
      propertyPath: m_Name
      value: CornerOut 001 Prefab (1)
      objectReference: {fileID: 0}
    - target: {fileID: 7338277570128401368, guid: 54045c6ac3c8f8944824e641affe4dc0, type: 3}
      propertyPath: m_LocalPosition.x
      value: -8
      objectReference: {fileID: 0}
    - target: {fileID: 7338277570128401368, guid: 54045c6ac3c8f8944824e641affe4dc0, type: 3}
      propertyPath: m_LocalPosition.y
      value: 0
      objectReference: {fileID: 0}
    - target: {fileID: 7338277570128401368, guid: 54045c6ac3c8f8944824e641affe4dc0, type: 3}
      propertyPath: m_LocalPosition.z
      value: -3
      objectReference: {fileID: 0}
    - target: {fileID: 7338277570128401368, guid: 54045c6ac3c8f8944824e641affe4dc0, type: 3}
      propertyPath: m_LocalRotation.x
      value: -0
      objectReference: {fileID: 0}
    - target: {fileID: 7338277570128401368, guid: 54045c6ac3c8f8944824e641affe4dc0, type: 3}
      propertyPath: m_LocalRotation.y
      value: 0.70710576
      objectReference: {fileID: 0}
    - target: {fileID: 7338277570128401368, guid: 54045c6ac3c8f8944824e641affe4dc0, type: 3}
      propertyPath: m_LocalRotation.z
      value: -0
      objectReference: {fileID: 0}
    - target: {fileID: 7338277570128401368, guid: 54045c6ac3c8f8944824e641affe4dc0, type: 3}
      propertyPath: m_LocalRotation.w
      value: 0.70710784
      objectReference: {fileID: 0}
    - target: {fileID: 7338277570128401368, guid: 54045c6ac3c8f8944824e641affe4dc0, type: 3}
      propertyPath: m_RootOrder
      value: 1
      objectReference: {fileID: 0}
    - target: {fileID: 7338277570128401368, guid: 54045c6ac3c8f8944824e641affe4dc0, type: 3}
      propertyPath: m_LocalEulerAnglesHint.x
      value: 0
      objectReference: {fileID: 0}
    - target: {fileID: 7338277570128401368, guid: 54045c6ac3c8f8944824e641affe4dc0, type: 3}
      propertyPath: m_LocalEulerAnglesHint.y
      value: 90
      objectReference: {fileID: 0}
    - target: {fileID: 7338277570128401368, guid: 54045c6ac3c8f8944824e641affe4dc0, type: 3}
      propertyPath: m_LocalEulerAnglesHint.z
      value: 0
      objectReference: {fileID: 0}
    m_RemovedComponents: []
  m_SourcePrefab: {fileID: 100100000, guid: 54045c6ac3c8f8944824e641affe4dc0, type: 3}
--- !u!4 &2661504760729577674 stripped
Transform:
  m_CorrespondingSourceObject: {fileID: 7338277570128401368, guid: 54045c6ac3c8f8944824e641affe4dc0, type: 3}
  m_PrefabInstance: {fileID: 4699889852436740882}
  m_PrefabAsset: {fileID: 0}
--- !u!1001 &4927315609628407785
PrefabInstance:
  m_ObjectHideFlags: 0
  serializedVersion: 2
  m_Modification:
    m_TransformParent: {fileID: 9005606635951512723}
    m_Modifications:
    - target: {fileID: 5039005815423193056, guid: 54045c6ac3c8f8944824e641affe4dc0, type: 3}
      propertyPath: m_Name
      value: CornerOut 001 Prefab (2)
      objectReference: {fileID: 0}
    - target: {fileID: 7338277570128401368, guid: 54045c6ac3c8f8944824e641affe4dc0, type: 3}
      propertyPath: m_LocalPosition.x
      value: -7
      objectReference: {fileID: 0}
    - target: {fileID: 7338277570128401368, guid: 54045c6ac3c8f8944824e641affe4dc0, type: 3}
      propertyPath: m_LocalPosition.y
      value: 0
      objectReference: {fileID: 0}
    - target: {fileID: 7338277570128401368, guid: 54045c6ac3c8f8944824e641affe4dc0, type: 3}
      propertyPath: m_LocalPosition.z
      value: 5
      objectReference: {fileID: 0}
    - target: {fileID: 7338277570128401368, guid: 54045c6ac3c8f8944824e641affe4dc0, type: 3}
      propertyPath: m_LocalRotation.x
      value: -0
      objectReference: {fileID: 0}
    - target: {fileID: 7338277570128401368, guid: 54045c6ac3c8f8944824e641affe4dc0, type: 3}
      propertyPath: m_LocalRotation.y
      value: 1
      objectReference: {fileID: 0}
    - target: {fileID: 7338277570128401368, guid: 54045c6ac3c8f8944824e641affe4dc0, type: 3}
      propertyPath: m_LocalRotation.z
      value: -0
      objectReference: {fileID: 0}
    - target: {fileID: 7338277570128401368, guid: 54045c6ac3c8f8944824e641affe4dc0, type: 3}
      propertyPath: m_LocalRotation.w
      value: 0.0000029504295
      objectReference: {fileID: 0}
    - target: {fileID: 7338277570128401368, guid: 54045c6ac3c8f8944824e641affe4dc0, type: 3}
      propertyPath: m_RootOrder
      value: 2
      objectReference: {fileID: 0}
    - target: {fileID: 7338277570128401368, guid: 54045c6ac3c8f8944824e641affe4dc0, type: 3}
      propertyPath: m_LocalEulerAnglesHint.x
      value: 0
      objectReference: {fileID: 0}
    - target: {fileID: 7338277570128401368, guid: 54045c6ac3c8f8944824e641affe4dc0, type: 3}
      propertyPath: m_LocalEulerAnglesHint.y
      value: 180
      objectReference: {fileID: 0}
    - target: {fileID: 7338277570128401368, guid: 54045c6ac3c8f8944824e641affe4dc0, type: 3}
      propertyPath: m_LocalEulerAnglesHint.z
      value: 0
      objectReference: {fileID: 0}
    m_RemovedComponents: []
  m_SourcePrefab: {fileID: 100100000, guid: 54045c6ac3c8f8944824e641affe4dc0, type: 3}
--- !u!4 &2429581915038884913 stripped
Transform:
  m_CorrespondingSourceObject: {fileID: 7338277570128401368, guid: 54045c6ac3c8f8944824e641affe4dc0, type: 3}
  m_PrefabInstance: {fileID: 4927315609628407785}
  m_PrefabAsset: {fileID: 0}
--- !u!1001 &5583874945310278978
PrefabInstance:
  m_ObjectHideFlags: 0
  serializedVersion: 2
  m_Modification:
    m_TransformParent: {fileID: 2625647670132316620}
    m_Modifications:
    - target: {fileID: 6312652399773581572, guid: f494d356ec128944c96269f6338f7069, type: 3}
      propertyPath: m_LocalPosition.x
      value: -10
      objectReference: {fileID: 0}
    - target: {fileID: 6312652399773581572, guid: f494d356ec128944c96269f6338f7069, type: 3}
      propertyPath: m_LocalPosition.y
      value: 0
      objectReference: {fileID: 0}
    - target: {fileID: 6312652399773581572, guid: f494d356ec128944c96269f6338f7069, type: 3}
      propertyPath: m_LocalPosition.z
      value: 7
      objectReference: {fileID: 0}
    - target: {fileID: 6312652399773581572, guid: f494d356ec128944c96269f6338f7069, type: 3}
      propertyPath: m_LocalRotation.x
      value: 0
      objectReference: {fileID: 0}
    - target: {fileID: 6312652399773581572, guid: f494d356ec128944c96269f6338f7069, type: 3}
      propertyPath: m_LocalRotation.y
      value: 0.7071068
      objectReference: {fileID: 0}
    - target: {fileID: 6312652399773581572, guid: f494d356ec128944c96269f6338f7069, type: 3}
      propertyPath: m_LocalRotation.z
      value: 0
      objectReference: {fileID: 0}
    - target: {fileID: 6312652399773581572, guid: f494d356ec128944c96269f6338f7069, type: 3}
      propertyPath: m_LocalRotation.w
      value: 0.7071068
      objectReference: {fileID: 0}
    - target: {fileID: 6312652399773581572, guid: f494d356ec128944c96269f6338f7069, type: 3}
      propertyPath: m_RootOrder
      value: 1
      objectReference: {fileID: 0}
    - target: {fileID: 6312652399773581572, guid: f494d356ec128944c96269f6338f7069, type: 3}
      propertyPath: m_LocalEulerAnglesHint.x
      value: 0
      objectReference: {fileID: 0}
    - target: {fileID: 6312652399773581572, guid: f494d356ec128944c96269f6338f7069, type: 3}
      propertyPath: m_LocalEulerAnglesHint.y
      value: 90
      objectReference: {fileID: 0}
    - target: {fileID: 6312652399773581572, guid: f494d356ec128944c96269f6338f7069, type: 3}
      propertyPath: m_LocalEulerAnglesHint.z
      value: 0
      objectReference: {fileID: 0}
    - target: {fileID: 6312652399773581573, guid: f494d356ec128944c96269f6338f7069, type: 3}
      propertyPath: m_Name
      value: ExitWarp 001 Prefab
      objectReference: {fileID: 0}
    m_RemovedComponents: []
  m_SourcePrefab: {fileID: 100100000, guid: f494d356ec128944c96269f6338f7069, type: 3}
--- !u!4 &1938486575095202886 stripped
Transform:
  m_CorrespondingSourceObject: {fileID: 6312652399773581572, guid: f494d356ec128944c96269f6338f7069, type: 3}
  m_PrefabInstance: {fileID: 5583874945310278978}
  m_PrefabAsset: {fileID: 0}
--- !u!1001 &5658161513788525166
PrefabInstance:
  m_ObjectHideFlags: 0
  serializedVersion: 2
  m_Modification:
    m_TransformParent: {fileID: 9005606635951512723}
    m_Modifications:
    - target: {fileID: 7791362414938976276, guid: 051a17ae738dd9844b1e2defaa8e2b43, type: 3}
      propertyPath: m_Name
      value: WallM 001 Prefab (5)
      objectReference: {fileID: 0}
    - target: {fileID: 7791362414938976277, guid: 051a17ae738dd9844b1e2defaa8e2b43, type: 3}
      propertyPath: m_LocalPosition.x
      value: -3
      objectReference: {fileID: 0}
    - target: {fileID: 7791362414938976277, guid: 051a17ae738dd9844b1e2defaa8e2b43, type: 3}
      propertyPath: m_LocalPosition.y
      value: 0
      objectReference: {fileID: 0}
    - target: {fileID: 7791362414938976277, guid: 051a17ae738dd9844b1e2defaa8e2b43, type: 3}
      propertyPath: m_LocalPosition.z
      value: 4
      objectReference: {fileID: 0}
    - target: {fileID: 7791362414938976277, guid: 051a17ae738dd9844b1e2defaa8e2b43, type: 3}
      propertyPath: m_LocalRotation.x
      value: -0
      objectReference: {fileID: 0}
    - target: {fileID: 7791362414938976277, guid: 051a17ae738dd9844b1e2defaa8e2b43, type: 3}
      propertyPath: m_LocalRotation.y
      value: -0.7071068
      objectReference: {fileID: 0}
    - target: {fileID: 7791362414938976277, guid: 051a17ae738dd9844b1e2defaa8e2b43, type: 3}
      propertyPath: m_LocalRotation.z
      value: -0
      objectReference: {fileID: 0}
    - target: {fileID: 7791362414938976277, guid: 051a17ae738dd9844b1e2defaa8e2b43, type: 3}
      propertyPath: m_LocalRotation.w
      value: 0.7071068
      objectReference: {fileID: 0}
    - target: {fileID: 7791362414938976277, guid: 051a17ae738dd9844b1e2defaa8e2b43, type: 3}
      propertyPath: m_RootOrder
      value: 11
      objectReference: {fileID: 0}
    - target: {fileID: 7791362414938976277, guid: 051a17ae738dd9844b1e2defaa8e2b43, type: 3}
      propertyPath: m_LocalEulerAnglesHint.x
      value: 0
      objectReference: {fileID: 0}
    - target: {fileID: 7791362414938976277, guid: 051a17ae738dd9844b1e2defaa8e2b43, type: 3}
      propertyPath: m_LocalEulerAnglesHint.y
      value: -90
      objectReference: {fileID: 0}
    - target: {fileID: 7791362414938976277, guid: 051a17ae738dd9844b1e2defaa8e2b43, type: 3}
      propertyPath: m_LocalEulerAnglesHint.z
      value: 0
      objectReference: {fileID: 0}
    m_RemovedComponents: []
  m_SourcePrefab: {fileID: 100100000, guid: 051a17ae738dd9844b1e2defaa8e2b43, type: 3}
--- !u!4 &2496587648540523131 stripped
Transform:
  m_CorrespondingSourceObject: {fileID: 7791362414938976277, guid: 051a17ae738dd9844b1e2defaa8e2b43, type: 3}
  m_PrefabInstance: {fileID: 5658161513788525166}
  m_PrefabAsset: {fileID: 0}
--- !u!1001 &6553712668171737193
PrefabInstance:
  m_ObjectHideFlags: 0
  serializedVersion: 2
  m_Modification:
    m_TransformParent: {fileID: 9005606635951512723}
    m_Modifications:
    - target: {fileID: 5039005815423193056, guid: 54045c6ac3c8f8944824e641affe4dc0, type: 3}
      propertyPath: m_Name
      value: CornerOut 001 Prefab (3)
      objectReference: {fileID: 0}
    - target: {fileID: 7338277570128401368, guid: 54045c6ac3c8f8944824e641affe4dc0, type: 3}
      propertyPath: m_LocalPosition.x
      value: 9
      objectReference: {fileID: 0}
    - target: {fileID: 7338277570128401368, guid: 54045c6ac3c8f8944824e641affe4dc0, type: 3}
      propertyPath: m_LocalPosition.y
      value: 0
      objectReference: {fileID: 0}
    - target: {fileID: 7338277570128401368, guid: 54045c6ac3c8f8944824e641affe4dc0, type: 3}
      propertyPath: m_LocalPosition.z
      value: 4
      objectReference: {fileID: 0}
    - target: {fileID: 7338277570128401368, guid: 54045c6ac3c8f8944824e641affe4dc0, type: 3}
      propertyPath: m_LocalRotation.x
      value: -0
      objectReference: {fileID: 0}
    - target: {fileID: 7338277570128401368, guid: 54045c6ac3c8f8944824e641affe4dc0, type: 3}
      propertyPath: m_LocalRotation.y
      value: 0.7071099
      objectReference: {fileID: 0}
    - target: {fileID: 7338277570128401368, guid: 54045c6ac3c8f8944824e641affe4dc0, type: 3}
      propertyPath: m_LocalRotation.z
      value: -0
      objectReference: {fileID: 0}
    - target: {fileID: 7338277570128401368, guid: 54045c6ac3c8f8944824e641affe4dc0, type: 3}
      propertyPath: m_LocalRotation.w
      value: -0.7071037
      objectReference: {fileID: 0}
    - target: {fileID: 7338277570128401368, guid: 54045c6ac3c8f8944824e641affe4dc0, type: 3}
      propertyPath: m_RootOrder
      value: 3
      objectReference: {fileID: 0}
    - target: {fileID: 7338277570128401368, guid: 54045c6ac3c8f8944824e641affe4dc0, type: 3}
      propertyPath: m_LocalEulerAnglesHint.x
      value: 0
      objectReference: {fileID: 0}
    - target: {fileID: 7338277570128401368, guid: 54045c6ac3c8f8944824e641affe4dc0, type: 3}
      propertyPath: m_LocalEulerAnglesHint.y
      value: 269.999
      objectReference: {fileID: 0}
    - target: {fileID: 7338277570128401368, guid: 54045c6ac3c8f8944824e641affe4dc0, type: 3}
      propertyPath: m_LocalEulerAnglesHint.z
      value: 0
      objectReference: {fileID: 0}
    m_RemovedComponents: []
  m_SourcePrefab: {fileID: 100100000, guid: 54045c6ac3c8f8944824e641affe4dc0, type: 3}
--- !u!4 &4550247933645343665 stripped
Transform:
  m_CorrespondingSourceObject: {fileID: 7338277570128401368, guid: 54045c6ac3c8f8944824e641affe4dc0, type: 3}
  m_PrefabInstance: {fileID: 6553712668171737193}
  m_PrefabAsset: {fileID: 0}
--- !u!1001 &8003120623372198692
PrefabInstance:
  m_ObjectHideFlags: 0
  serializedVersion: 2
  m_Modification:
    m_TransformParent: {fileID: 2625647670132316620}
    m_Modifications:
    - target: {fileID: 4303279276758484269, guid: a02ecf7bf6989d84e958dbc0ec3984b3, type: 3}
      propertyPath: m_Name
      value: AmbientAudioSourcePrefab
      objectReference: {fileID: 0}
    - target: {fileID: 6335696517897607489, guid: a02ecf7bf6989d84e958dbc0ec3984b3, type: 3}
      propertyPath: m_LocalPosition.x
      value: 0
      objectReference: {fileID: 0}
    - target: {fileID: 6335696517897607489, guid: a02ecf7bf6989d84e958dbc0ec3984b3, type: 3}
      propertyPath: m_LocalPosition.y
      value: 0
      objectReference: {fileID: 0}
    - target: {fileID: 6335696517897607489, guid: a02ecf7bf6989d84e958dbc0ec3984b3, type: 3}
      propertyPath: m_LocalPosition.z
      value: 0
      objectReference: {fileID: 0}
    - target: {fileID: 6335696517897607489, guid: a02ecf7bf6989d84e958dbc0ec3984b3, type: 3}
      propertyPath: m_LocalRotation.x
      value: -0
      objectReference: {fileID: 0}
    - target: {fileID: 6335696517897607489, guid: a02ecf7bf6989d84e958dbc0ec3984b3, type: 3}
      propertyPath: m_LocalRotation.y
      value: -0
      objectReference: {fileID: 0}
    - target: {fileID: 6335696517897607489, guid: a02ecf7bf6989d84e958dbc0ec3984b3, type: 3}
      propertyPath: m_LocalRotation.z
      value: -0
      objectReference: {fileID: 0}
    - target: {fileID: 6335696517897607489, guid: a02ecf7bf6989d84e958dbc0ec3984b3, type: 3}
      propertyPath: m_LocalRotation.w
      value: 1
      objectReference: {fileID: 0}
    - target: {fileID: 6335696517897607489, guid: a02ecf7bf6989d84e958dbc0ec3984b3, type: 3}
      propertyPath: m_RootOrder
      value: 3
      objectReference: {fileID: 0}
    - target: {fileID: 6335696517897607489, guid: a02ecf7bf6989d84e958dbc0ec3984b3, type: 3}
      propertyPath: m_LocalEulerAnglesHint.x
      value: 0
      objectReference: {fileID: 0}
    - target: {fileID: 6335696517897607489, guid: a02ecf7bf6989d84e958dbc0ec3984b3, type: 3}
      propertyPath: m_LocalEulerAnglesHint.y
      value: 0
      objectReference: {fileID: 0}
    - target: {fileID: 6335696517897607489, guid: a02ecf7bf6989d84e958dbc0ec3984b3, type: 3}
      propertyPath: m_LocalEulerAnglesHint.z
      value: 0
      objectReference: {fileID: 0}
    m_RemovedComponents: []
  m_SourcePrefab: {fileID: 100100000, guid: a02ecf7bf6989d84e958dbc0ec3984b3, type: 3}
--- !u!4 &4106193964540148325 stripped
Transform:
  m_CorrespondingSourceObject: {fileID: 6335696517897607489, guid: a02ecf7bf6989d84e958dbc0ec3984b3, type: 3}
  m_PrefabInstance: {fileID: 8003120623372198692}
  m_PrefabAsset: {fileID: 0}
--- !u!1001 &8267816884597666808
PrefabInstance:
  m_ObjectHideFlags: 0
  serializedVersion: 2
  m_Modification:
    m_TransformParent: {fileID: 9005606635951512723}
    m_Modifications:
    - target: {fileID: 7791362414938976276, guid: 051a17ae738dd9844b1e2defaa8e2b43, type: 3}
      propertyPath: m_Name
      value: WallM 001 Prefab (2)
      objectReference: {fileID: 0}
    - target: {fileID: 7791362414938976277, guid: 051a17ae738dd9844b1e2defaa8e2b43, type: 3}
      propertyPath: m_LocalPosition.x
      value: 4
      objectReference: {fileID: 0}
    - target: {fileID: 7791362414938976277, guid: 051a17ae738dd9844b1e2defaa8e2b43, type: 3}
      propertyPath: m_LocalPosition.y
      value: 0
      objectReference: {fileID: 0}
    - target: {fileID: 7791362414938976277, guid: 051a17ae738dd9844b1e2defaa8e2b43, type: 3}
      propertyPath: m_LocalPosition.z
      value: -3
      objectReference: {fileID: 0}
    - target: {fileID: 7791362414938976277, guid: 051a17ae738dd9844b1e2defaa8e2b43, type: 3}
      propertyPath: m_LocalRotation.x
      value: -0
      objectReference: {fileID: 0}
    - target: {fileID: 7791362414938976277, guid: 051a17ae738dd9844b1e2defaa8e2b43, type: 3}
      propertyPath: m_LocalRotation.y
      value: 0.7071068
      objectReference: {fileID: 0}
    - target: {fileID: 7791362414938976277, guid: 051a17ae738dd9844b1e2defaa8e2b43, type: 3}
      propertyPath: m_LocalRotation.z
      value: -0
      objectReference: {fileID: 0}
    - target: {fileID: 7791362414938976277, guid: 051a17ae738dd9844b1e2defaa8e2b43, type: 3}
      propertyPath: m_LocalRotation.w
      value: 0.7071068
      objectReference: {fileID: 0}
    - target: {fileID: 7791362414938976277, guid: 051a17ae738dd9844b1e2defaa8e2b43, type: 3}
      propertyPath: m_RootOrder
      value: 8
      objectReference: {fileID: 0}
    - target: {fileID: 7791362414938976277, guid: 051a17ae738dd9844b1e2defaa8e2b43, type: 3}
      propertyPath: m_LocalEulerAnglesHint.x
      value: 0
      objectReference: {fileID: 0}
    - target: {fileID: 7791362414938976277, guid: 051a17ae738dd9844b1e2defaa8e2b43, type: 3}
      propertyPath: m_LocalEulerAnglesHint.y
      value: 90
      objectReference: {fileID: 0}
    - target: {fileID: 7791362414938976277, guid: 051a17ae738dd9844b1e2defaa8e2b43, type: 3}
      propertyPath: m_LocalEulerAnglesHint.z
      value: 0
      objectReference: {fileID: 0}
    m_RemovedComponents: []
  m_SourcePrefab: {fileID: 100100000, guid: 051a17ae738dd9844b1e2defaa8e2b43, type: 3}
--- !u!4 &2206013335641506797 stripped
Transform:
  m_CorrespondingSourceObject: {fileID: 7791362414938976277, guid: 051a17ae738dd9844b1e2defaa8e2b43, type: 3}
  m_PrefabInstance: {fileID: 8267816884597666808}
  m_PrefabAsset: {fileID: 0}
--- !u!1001 &8861287159761290330
PrefabInstance:
  m_ObjectHideFlags: 0
  serializedVersion: 2
  m_Modification:
    m_TransformParent: {fileID: 9005606635951512723}
    m_Modifications:
    - target: {fileID: 8081827221178262197, guid: 41e270837f5f7d244aeadc959241e4bb, type: 3}
      propertyPath: m_LocalPosition.x
      value: -4
      objectReference: {fileID: 0}
    - target: {fileID: 8081827221178262197, guid: 41e270837f5f7d244aeadc959241e4bb, type: 3}
      propertyPath: m_LocalPosition.y
      value: 0
      objectReference: {fileID: 0}
    - target: {fileID: 8081827221178262197, guid: 41e270837f5f7d244aeadc959241e4bb, type: 3}
      propertyPath: m_LocalPosition.z
      value: 0
      objectReference: {fileID: 0}
    - target: {fileID: 8081827221178262197, guid: 41e270837f5f7d244aeadc959241e4bb, type: 3}
      propertyPath: m_LocalRotation.x
      value: -0
      objectReference: {fileID: 0}
    - target: {fileID: 8081827221178262197, guid: 41e270837f5f7d244aeadc959241e4bb, type: 3}
      propertyPath: m_LocalRotation.y
      value: -0
      objectReference: {fileID: 0}
    - target: {fileID: 8081827221178262197, guid: 41e270837f5f7d244aeadc959241e4bb, type: 3}
      propertyPath: m_LocalRotation.z
      value: -0
      objectReference: {fileID: 0}
    - target: {fileID: 8081827221178262197, guid: 41e270837f5f7d244aeadc959241e4bb, type: 3}
      propertyPath: m_LocalRotation.w
      value: 1
      objectReference: {fileID: 0}
    - target: {fileID: 8081827221178262197, guid: 41e270837f5f7d244aeadc959241e4bb, type: 3}
      propertyPath: m_RootOrder
      value: 4
      objectReference: {fileID: 0}
    - target: {fileID: 8081827221178262197, guid: 41e270837f5f7d244aeadc959241e4bb, type: 3}
      propertyPath: m_LocalEulerAnglesHint.x
      value: 0
      objectReference: {fileID: 0}
    - target: {fileID: 8081827221178262197, guid: 41e270837f5f7d244aeadc959241e4bb, type: 3}
      propertyPath: m_LocalEulerAnglesHint.y
      value: 0
      objectReference: {fileID: 0}
    - target: {fileID: 8081827221178262197, guid: 41e270837f5f7d244aeadc959241e4bb, type: 3}
      propertyPath: m_LocalEulerAnglesHint.z
      value: 0
      objectReference: {fileID: 0}
    - target: {fileID: 8081827221178262202, guid: 41e270837f5f7d244aeadc959241e4bb, type: 3}
      propertyPath: m_Name
      value: GroundM 001 Prefab
      objectReference: {fileID: 0}
    m_RemovedComponents: []
  m_SourcePrefab: {fileID: 100100000, guid: 41e270837f5f7d244aeadc959241e4bb, type: 3}
--- !u!4 &779675449711453935 stripped
Transform:
  m_CorrespondingSourceObject: {fileID: 8081827221178262197, guid: 41e270837f5f7d244aeadc959241e4bb, type: 3}
  m_PrefabInstance: {fileID: 8861287159761290330}
  m_PrefabAsset: {fileID: 0}
--- !u!1001 &8888637132199165596
PrefabInstance:
  m_ObjectHideFlags: 0
  serializedVersion: 2
  m_Modification:
    m_TransformParent: {fileID: 5306883011069863776}
    m_Modifications:
    - target: {fileID: 1951956021364941552, guid: 99d30d1bd00192b418a6ac55b0913cf2, type: 3}
      propertyPath: m_LocalPosition.x
      value: -2
      objectReference: {fileID: 0}
    - target: {fileID: 1951956021364941552, guid: 99d30d1bd00192b418a6ac55b0913cf2, type: 3}
      propertyPath: m_LocalPosition.y
      value: 0
      objectReference: {fileID: 0}
    - target: {fileID: 1951956021364941552, guid: 99d30d1bd00192b418a6ac55b0913cf2, type: 3}
      propertyPath: m_LocalPosition.z
      value: 0
      objectReference: {fileID: 0}
    - target: {fileID: 1951956021364941552, guid: 99d30d1bd00192b418a6ac55b0913cf2, type: 3}
      propertyPath: m_LocalRotation.x
      value: 0
      objectReference: {fileID: 0}
    - target: {fileID: 1951956021364941552, guid: 99d30d1bd00192b418a6ac55b0913cf2, type: 3}
      propertyPath: m_LocalRotation.y
      value: 0
      objectReference: {fileID: 0}
    - target: {fileID: 1951956021364941552, guid: 99d30d1bd00192b418a6ac55b0913cf2, type: 3}
      propertyPath: m_LocalRotation.z
      value: 0
      objectReference: {fileID: 0}
    - target: {fileID: 1951956021364941552, guid: 99d30d1bd00192b418a6ac55b0913cf2, type: 3}
      propertyPath: m_LocalRotation.w
      value: 1
      objectReference: {fileID: 0}
    - target: {fileID: 1951956021364941552, guid: 99d30d1bd00192b418a6ac55b0913cf2, type: 3}
      propertyPath: m_RootOrder
      value: 1
      objectReference: {fileID: 0}
    - target: {fileID: 1951956021364941552, guid: 99d30d1bd00192b418a6ac55b0913cf2, type: 3}
      propertyPath: m_LocalEulerAnglesHint.x
      value: 0
      objectReference: {fileID: 0}
    - target: {fileID: 1951956021364941552, guid: 99d30d1bd00192b418a6ac55b0913cf2, type: 3}
      propertyPath: m_LocalEulerAnglesHint.y
      value: 0
      objectReference: {fileID: 0}
    - target: {fileID: 1951956021364941552, guid: 99d30d1bd00192b418a6ac55b0913cf2, type: 3}
      propertyPath: m_LocalEulerAnglesHint.z
      value: 0
      objectReference: {fileID: 0}
    - target: {fileID: 8404492622304930987, guid: 99d30d1bd00192b418a6ac55b0913cf2, type: 3}
      propertyPath: m_Name
      value: InnerWallLowS 001 Prefab
      objectReference: {fileID: 0}
    m_RemovedComponents: []
  m_SourcePrefab: {fileID: 100100000, guid: 99d30d1bd00192b418a6ac55b0913cf2, type: 3}
--- !u!4 &6939050629414755436 stripped
Transform:
  m_CorrespondingSourceObject: {fileID: 1951956021364941552, guid: 99d30d1bd00192b418a6ac55b0913cf2, type: 3}
  m_PrefabInstance: {fileID: 8888637132199165596}
  m_PrefabAsset: {fileID: 0}
