%YAML 1.1
%TAG !u! tag:unity3d.com,2011:
--- !u!1 &786154560121577004
GameObject:
  m_ObjectHideFlags: 0
  m_CorrespondingSourceObject: {fileID: 0}
  m_PrefabInstance: {fileID: 0}
  m_PrefabAsset: {fileID: 0}
  serializedVersion: 6
  m_Component:
  - component: {fileID: 7689467542123543084}
  m_Layer: 0
  m_Name: Decors
  m_TagString: Untagged
  m_Icon: {fileID: 0}
  m_NavMeshLayer: 0
  m_StaticEditorFlags: 0
  m_IsActive: 1
--- !u!4 &7689467542123543084
Transform:
  m_ObjectHideFlags: 0
  m_CorrespondingSourceObject: {fileID: 0}
  m_PrefabInstance: {fileID: 0}
  m_PrefabAsset: {fileID: 0}
  m_GameObject: {fileID: 786154560121577004}
  m_LocalRotation: {x: 0, y: 0, z: 0, w: 1}
  m_LocalPosition: {x: 0, y: 0, z: 0}
  m_LocalScale: {x: 1, y: 1, z: 1}
  m_Children:
  - {fileID: 8437169616411927322}
  - {fileID: 2661504760729577674}
  - {fileID: 2429581915038884913}
  - {fileID: 4550247933645343665}
  - {fileID: 779675449711453935}
  - {fileID: 7688047697589334743}
  - {fileID: 9197061019482132781}
  - {fileID: 7733152155234744582}
  - {fileID: 2206013335641506797}
  - {fileID: 4988017013695938309}
  - {fileID: 7308943113339184149}
  - {fileID: 2496587648540523131}
  m_Father: {fileID: 2625647670132316620}
  m_RootOrder: 6
  m_LocalEulerAnglesHint: {x: 0, y: 0, z: 0}
--- !u!1 &2173212684756603668
GameObject:
  m_ObjectHideFlags: 0
  m_CorrespondingSourceObject: {fileID: 0}
  m_PrefabInstance: {fileID: 0}
  m_PrefabAsset: {fileID: 0}
  serializedVersion: 6
  m_Component:
  - component: {fileID: 9071965833411527590}
  m_Layer: 0
  m_Name: SpawnPosition
  m_TagString: Untagged
  m_Icon: {fileID: 0}
  m_NavMeshLayer: 0
  m_StaticEditorFlags: 0
  m_IsActive: 1
--- !u!4 &9071965833411527590
Transform:
  m_ObjectHideFlags: 0
  m_CorrespondingSourceObject: {fileID: 0}
  m_PrefabInstance: {fileID: 0}
  m_PrefabAsset: {fileID: 0}
  m_GameObject: {fileID: 2173212684756603668}
  m_LocalRotation: {x: -0, y: -0, z: -0, w: 1}
  m_LocalPosition: {x: -2, y: 0, z: 4}
  m_LocalScale: {x: 1, y: 1, z: 1}
  m_Children: []
  m_Father: {fileID: 2625647670132316620}
  m_RootOrder: 0
  m_LocalEulerAnglesHint: {x: 0, y: 0, z: 0}
--- !u!1 &2625647670132316623
GameObject:
  m_ObjectHideFlags: 0
  m_CorrespondingSourceObject: {fileID: 0}
  m_PrefabInstance: {fileID: 0}
  m_PrefabAsset: {fileID: 0}
  serializedVersion: 6
  m_Component:
  - component: {fileID: 2625647670132316620}
  - component: {fileID: 5195940953862903735}
  m_Layer: 0
  m_Name: Level [1-4]
  m_TagString: Untagged
  m_Icon: {fileID: 0}
  m_NavMeshLayer: 0
  m_StaticEditorFlags: 0
  m_IsActive: 1
--- !u!4 &2625647670132316620
Transform:
  m_ObjectHideFlags: 0
  m_CorrespondingSourceObject: {fileID: 0}
  m_PrefabInstance: {fileID: 0}
  m_PrefabAsset: {fileID: 0}
  m_GameObject: {fileID: 2625647670132316623}
  m_LocalRotation: {x: 0, y: 0, z: 0, w: 1}
  m_LocalPosition: {x: 0, y: 0, z: 0}
  m_LocalScale: {x: 1, y: 1, z: 1}
  m_Children:
  - {fileID: 9071965833411527590}
  - {fileID: 1938486575095202886}
  - {fileID: 3302180026644018102}
  - {fileID: 4765221123875688172}
  - {fileID: 8288124578787964497}
  - {fileID: 8319352284581868808}
  - {fileID: 7689467542123543084}
  - {fileID: 3064692518282700510}
  m_Father: {fileID: 0}
  m_RootOrder: 0
  m_LocalEulerAnglesHint: {x: 0, y: 0, z: 0}
--- !u!114 &5195940953862903735
MonoBehaviour:
  m_ObjectHideFlags: 0
  m_CorrespondingSourceObject: {fileID: 0}
  m_PrefabInstance: {fileID: 0}
  m_PrefabAsset: {fileID: 0}
  m_GameObject: {fileID: 2625647670132316623}
  m_Enabled: 1
  m_EditorHideFlags: 0
  m_Script: {fileID: 11500000, guid: 2483bb475184404f81d9cc4eeea25bb8, type: 3}
  m_Name: 
  m_EditorClassIdentifier: 
  _spawnPosition: {fileID: 9071965833411527590}
--- !u!1 &4349874422739308455
GameObject:
  m_ObjectHideFlags: 0
  m_CorrespondingSourceObject: {fileID: 0}
  m_PrefabInstance: {fileID: 0}
  m_PrefabAsset: {fileID: 0}
  serializedVersion: 6
  m_Component:
  - component: {fileID: 8319352284581868808}
  m_Layer: 0
  m_Name: Walls
  m_TagString: Untagged
  m_Icon: {fileID: 0}
  m_NavMeshLayer: 0
  m_StaticEditorFlags: 0
  m_IsActive: 1
--- !u!4 &8319352284581868808
Transform:
  m_ObjectHideFlags: 0
  m_CorrespondingSourceObject: {fileID: 0}
  m_PrefabInstance: {fileID: 0}
  m_PrefabAsset: {fileID: 0}
  m_GameObject: {fileID: 4349874422739308455}
  m_LocalRotation: {x: 0, y: 0, z: 0, w: 1}
  m_LocalPosition: {x: 0, y: 0, z: 0}
  m_LocalScale: {x: 1, y: 1, z: 1}
  m_Children:
  - {fileID: 5318964814690995992}
  - {fileID: 6514809275607707270}
  - {fileID: 5247271246623126708}
  - {fileID: 5874519059725792356}
  - {fileID: 7376822395734223775}
  - {fileID: 978145409286625741}
  - {fileID: 4695937784921960115}
  - {fileID: 2958168757910028380}
  - {fileID: 1433857459456132553}
  - {fileID: 2602135330072323690}
  - {fileID: 2314507674355966323}
  - {fileID: 3145799729223130876}
  - {fileID: 4344139724370436310}
  m_Father: {fileID: 2625647670132316620}
  m_RootOrder: 5
  m_LocalEulerAnglesHint: {x: 0, y: 0, z: 0}
--- !u!1001 &477904256850266847
PrefabInstance:
  m_ObjectHideFlags: 0
  serializedVersion: 2
  m_Modification:
    m_TransformParent: {fileID: 8319352284581868808}
    m_Modifications:
    - target: {fileID: 6989137476528333120, guid: 26f05b8b5360ec44bb8fcda821e14e4c, type: 3}
      propertyPath: m_LocalPosition.x
      value: -7
      objectReference: {fileID: 0}
    - target: {fileID: 6989137476528333120, guid: 26f05b8b5360ec44bb8fcda821e14e4c, type: 3}
      propertyPath: m_LocalPosition.y
      value: 0
      objectReference: {fileID: 0}
    - target: {fileID: 6989137476528333120, guid: 26f05b8b5360ec44bb8fcda821e14e4c, type: 3}
      propertyPath: m_LocalPosition.z
      value: -1
      objectReference: {fileID: 0}
    - target: {fileID: 6989137476528333120, guid: 26f05b8b5360ec44bb8fcda821e14e4c, type: 3}
      propertyPath: m_LocalRotation.x
      value: -0
      objectReference: {fileID: 0}
    - target: {fileID: 6989137476528333120, guid: 26f05b8b5360ec44bb8fcda821e14e4c, type: 3}
      propertyPath: m_LocalRotation.y
      value: -0
      objectReference: {fileID: 0}
    - target: {fileID: 6989137476528333120, guid: 26f05b8b5360ec44bb8fcda821e14e4c, type: 3}
      propertyPath: m_LocalRotation.z
      value: -0
      objectReference: {fileID: 0}
    - target: {fileID: 6989137476528333120, guid: 26f05b8b5360ec44bb8fcda821e14e4c, type: 3}
      propertyPath: m_LocalRotation.w
      value: 1
      objectReference: {fileID: 0}
    - target: {fileID: 6989137476528333120, guid: 26f05b8b5360ec44bb8fcda821e14e4c, type: 3}
      propertyPath: m_RootOrder
      value: 4
      objectReference: {fileID: 0}
    - target: {fileID: 6989137476528333120, guid: 26f05b8b5360ec44bb8fcda821e14e4c, type: 3}
      propertyPath: m_LocalEulerAnglesHint.x
      value: 0
      objectReference: {fileID: 0}
    - target: {fileID: 6989137476528333120, guid: 26f05b8b5360ec44bb8fcda821e14e4c, type: 3}
      propertyPath: m_LocalEulerAnglesHint.y
      value: 0
      objectReference: {fileID: 0}
    - target: {fileID: 6989137476528333120, guid: 26f05b8b5360ec44bb8fcda821e14e4c, type: 3}
      propertyPath: m_LocalEulerAnglesHint.z
      value: 0
      objectReference: {fileID: 0}
    - target: {fileID: 8541550531009497077, guid: 26f05b8b5360ec44bb8fcda821e14e4c, type: 3}
      propertyPath: m_Name
      value: InnerWallLowM 001 Prefab (2)
      objectReference: {fileID: 0}
    m_RemovedComponents: []
  m_SourcePrefab: {fileID: 100100000, guid: 26f05b8b5360ec44bb8fcda821e14e4c, type: 3}
--- !u!4 &7376822395734223775 stripped
Transform:
  m_CorrespondingSourceObject: {fileID: 6989137476528333120, guid: 26f05b8b5360ec44bb8fcda821e14e4c, type: 3}
  m_PrefabInstance: {fileID: 477904256850266847}
  m_PrefabAsset: {fileID: 0}
--- !u!1001 &536445399994747155
PrefabInstance:
  m_ObjectHideFlags: 0
  serializedVersion: 2
  m_Modification:
    m_TransformParent: {fileID: 7689467542123543084}
    m_Modifications:
    - target: {fileID: 7791362414938976276, guid: 051a17ae738dd9844b1e2defaa8e2b43, type: 3}
      propertyPath: m_Name
      value: WallM 001 Prefab (1)
      objectReference: {fileID: 0}
    - target: {fileID: 7791362414938976277, guid: 051a17ae738dd9844b1e2defaa8e2b43, type: 3}
      propertyPath: m_LocalPosition.x
      value: -7
      objectReference: {fileID: 0}
    - target: {fileID: 7791362414938976277, guid: 051a17ae738dd9844b1e2defaa8e2b43, type: 3}
      propertyPath: m_LocalPosition.y
      value: 0
      objectReference: {fileID: 0}
    - target: {fileID: 7791362414938976277, guid: 051a17ae738dd9844b1e2defaa8e2b43, type: 3}
      propertyPath: m_LocalPosition.z
      value: 1
      objectReference: {fileID: 0}
    - target: {fileID: 7791362414938976277, guid: 051a17ae738dd9844b1e2defaa8e2b43, type: 3}
      propertyPath: m_LocalRotation.x
      value: -0
      objectReference: {fileID: 0}
    - target: {fileID: 7791362414938976277, guid: 051a17ae738dd9844b1e2defaa8e2b43, type: 3}
      propertyPath: m_LocalRotation.y
      value: 1
      objectReference: {fileID: 0}
    - target: {fileID: 7791362414938976277, guid: 051a17ae738dd9844b1e2defaa8e2b43, type: 3}
      propertyPath: m_LocalRotation.z
      value: -0
      objectReference: {fileID: 0}
    - target: {fileID: 7791362414938976277, guid: 051a17ae738dd9844b1e2defaa8e2b43, type: 3}
      propertyPath: m_LocalRotation.w
      value: 0
      objectReference: {fileID: 0}
    - target: {fileID: 7791362414938976277, guid: 051a17ae738dd9844b1e2defaa8e2b43, type: 3}
      propertyPath: m_RootOrder
      value: 7
      objectReference: {fileID: 0}
    - target: {fileID: 7791362414938976277, guid: 051a17ae738dd9844b1e2defaa8e2b43, type: 3}
      propertyPath: m_LocalEulerAnglesHint.x
      value: 0
      objectReference: {fileID: 0}
    - target: {fileID: 7791362414938976277, guid: 051a17ae738dd9844b1e2defaa8e2b43, type: 3}
      propertyPath: m_LocalEulerAnglesHint.y
      value: 180
      objectReference: {fileID: 0}
    - target: {fileID: 7791362414938976277, guid: 051a17ae738dd9844b1e2defaa8e2b43, type: 3}
      propertyPath: m_LocalEulerAnglesHint.z
      value: 0
      objectReference: {fileID: 0}
    m_RemovedComponents: []
  m_SourcePrefab: {fileID: 100100000, guid: 051a17ae738dd9844b1e2defaa8e2b43, type: 3}
--- !u!4 &7733152155234744582 stripped
Transform:
  m_CorrespondingSourceObject: {fileID: 7791362414938976277, guid: 051a17ae738dd9844b1e2defaa8e2b43, type: 3}
  m_PrefabInstance: {fileID: 536445399994747155}
  m_PrefabAsset: {fileID: 0}
--- !u!1001 &670737137743352832
PrefabInstance:
  m_ObjectHideFlags: 0
  serializedVersion: 2
  m_Modification:
    m_TransformParent: {fileID: 7689467542123543084}
    m_Modifications:
    - target: {fileID: 7791362414938976276, guid: 051a17ae738dd9844b1e2defaa8e2b43, type: 3}
      propertyPath: m_Name
      value: WallM 001 Prefab (4)
      objectReference: {fileID: 0}
    - target: {fileID: 7791362414938976277, guid: 051a17ae738dd9844b1e2defaa8e2b43, type: 3}
      propertyPath: m_LocalPosition.x
      value: 5
      objectReference: {fileID: 0}
    - target: {fileID: 7791362414938976277, guid: 051a17ae738dd9844b1e2defaa8e2b43, type: 3}
      propertyPath: m_LocalPosition.y
      value: 0
      objectReference: {fileID: 0}
    - target: {fileID: 7791362414938976277, guid: 051a17ae738dd9844b1e2defaa8e2b43, type: 3}
      propertyPath: m_LocalPosition.z
      value: 4
      objectReference: {fileID: 0}
    - target: {fileID: 7791362414938976277, guid: 051a17ae738dd9844b1e2defaa8e2b43, type: 3}
      propertyPath: m_LocalRotation.x
      value: -0
      objectReference: {fileID: 0}
    - target: {fileID: 7791362414938976277, guid: 051a17ae738dd9844b1e2defaa8e2b43, type: 3}
      propertyPath: m_LocalRotation.y
      value: -0.7071068
      objectReference: {fileID: 0}
    - target: {fileID: 7791362414938976277, guid: 051a17ae738dd9844b1e2defaa8e2b43, type: 3}
      propertyPath: m_LocalRotation.z
      value: -0
      objectReference: {fileID: 0}
    - target: {fileID: 7791362414938976277, guid: 051a17ae738dd9844b1e2defaa8e2b43, type: 3}
      propertyPath: m_LocalRotation.w
      value: 0.7071068
      objectReference: {fileID: 0}
    - target: {fileID: 7791362414938976277, guid: 051a17ae738dd9844b1e2defaa8e2b43, type: 3}
      propertyPath: m_RootOrder
      value: 10
      objectReference: {fileID: 0}
    - target: {fileID: 7791362414938976277, guid: 051a17ae738dd9844b1e2defaa8e2b43, type: 3}
      propertyPath: m_LocalEulerAnglesHint.x
      value: 0
      objectReference: {fileID: 0}
    - target: {fileID: 7791362414938976277, guid: 051a17ae738dd9844b1e2defaa8e2b43, type: 3}
      propertyPath: m_LocalEulerAnglesHint.y
      value: -90
      objectReference: {fileID: 0}
    - target: {fileID: 7791362414938976277, guid: 051a17ae738dd9844b1e2defaa8e2b43, type: 3}
      propertyPath: m_LocalEulerAnglesHint.z
      value: 0
      objectReference: {fileID: 0}
    m_RemovedComponents: []
  m_SourcePrefab: {fileID: 100100000, guid: 051a17ae738dd9844b1e2defaa8e2b43, type: 3}
--- !u!4 &7308943113339184149 stripped
Transform:
  m_CorrespondingSourceObject: {fileID: 7791362414938976277, guid: 051a17ae738dd9844b1e2defaa8e2b43, type: 3}
  m_PrefabInstance: {fileID: 670737137743352832}
  m_PrefabAsset: {fileID: 0}
--- !u!1001 &1108976573576195025
PrefabInstance:
  m_ObjectHideFlags: 0
  serializedVersion: 2
  m_Modification:
    m_TransformParent: {fileID: 7689467542123543084}
    m_Modifications:
    - target: {fileID: 7337083924569348358, guid: b23c87308b56290489238fdafb7b5900, type: 3}
      propertyPath: m_LocalPosition.x
      value: 4
      objectReference: {fileID: 0}
    - target: {fileID: 7337083924569348358, guid: b23c87308b56290489238fdafb7b5900, type: 3}
      propertyPath: m_LocalPosition.y
      value: 0
      objectReference: {fileID: 0}
    - target: {fileID: 7337083924569348358, guid: b23c87308b56290489238fdafb7b5900, type: 3}
      propertyPath: m_LocalPosition.z
      value: 0
      objectReference: {fileID: 0}
    - target: {fileID: 7337083924569348358, guid: b23c87308b56290489238fdafb7b5900, type: 3}
      propertyPath: m_LocalRotation.x
      value: -0
      objectReference: {fileID: 0}
    - target: {fileID: 7337083924569348358, guid: b23c87308b56290489238fdafb7b5900, type: 3}
      propertyPath: m_LocalRotation.y
      value: -0
      objectReference: {fileID: 0}
    - target: {fileID: 7337083924569348358, guid: b23c87308b56290489238fdafb7b5900, type: 3}
      propertyPath: m_LocalRotation.z
      value: -0
      objectReference: {fileID: 0}
    - target: {fileID: 7337083924569348358, guid: b23c87308b56290489238fdafb7b5900, type: 3}
      propertyPath: m_LocalRotation.w
      value: 1
      objectReference: {fileID: 0}
    - target: {fileID: 7337083924569348358, guid: b23c87308b56290489238fdafb7b5900, type: 3}
      propertyPath: m_RootOrder
      value: 5
      objectReference: {fileID: 0}
    - target: {fileID: 7337083924569348358, guid: b23c87308b56290489238fdafb7b5900, type: 3}
      propertyPath: m_LocalEulerAnglesHint.x
      value: 0
      objectReference: {fileID: 0}
    - target: {fileID: 7337083924569348358, guid: b23c87308b56290489238fdafb7b5900, type: 3}
      propertyPath: m_LocalEulerAnglesHint.y
      value: 0
      objectReference: {fileID: 0}
    - target: {fileID: 7337083924569348358, guid: b23c87308b56290489238fdafb7b5900, type: 3}
      propertyPath: m_LocalEulerAnglesHint.z
      value: 0
      objectReference: {fileID: 0}
    - target: {fileID: 8575851576943638721, guid: b23c87308b56290489238fdafb7b5900, type: 3}
      propertyPath: m_Name
      value: GroundM 002 Prefab
      objectReference: {fileID: 0}
    m_RemovedComponents: []
  m_SourcePrefab: {fileID: 100100000, guid: b23c87308b56290489238fdafb7b5900, type: 3}
--- !u!4 &7688047697589334743 stripped
Transform:
  m_CorrespondingSourceObject: {fileID: 7337083924569348358, guid: b23c87308b56290489238fdafb7b5900, type: 3}
  m_PrefabInstance: {fileID: 1108976573576195025}
  m_PrefabAsset: {fileID: 0}
--- !u!1001 &1177994927915404533
PrefabInstance:
  m_ObjectHideFlags: 0
  serializedVersion: 2
  m_Modification:
    m_TransformParent: {fileID: 2625647670132316620}
    m_Modifications:
    - target: {fileID: 3904512187134174909, guid: 4d50dd0523fac8047a00bf65b2ce4ef1, type: 3}
      propertyPath: _doors.Array.size
      value: 1
      objectReference: {fileID: 0}
    - target: {fileID: 3904512187134174909, guid: 4d50dd0523fac8047a00bf65b2ce4ef1, type: 3}
      propertyPath: _doors.Array.data[0]
      value: 
      objectReference: {fileID: 2710190970541370320}
    - target: {fileID: 7159669255398177443, guid: 4d50dd0523fac8047a00bf65b2ce4ef1, type: 3}
      propertyPath: m_Name
      value: SwitchBlockPrefab
      objectReference: {fileID: 0}
    - target: {fileID: 7159669255398177444, guid: 4d50dd0523fac8047a00bf65b2ce4ef1, type: 3}
      propertyPath: m_LocalPosition.x
      value: -5
      objectReference: {fileID: 0}
    - target: {fileID: 7159669255398177444, guid: 4d50dd0523fac8047a00bf65b2ce4ef1, type: 3}
      propertyPath: m_LocalPosition.y
      value: 0
      objectReference: {fileID: 0}
    - target: {fileID: 7159669255398177444, guid: 4d50dd0523fac8047a00bf65b2ce4ef1, type: 3}
      propertyPath: m_LocalPosition.z
      value: -1
      objectReference: {fileID: 0}
    - target: {fileID: 7159669255398177444, guid: 4d50dd0523fac8047a00bf65b2ce4ef1, type: 3}
      propertyPath: m_LocalRotation.x
      value: 0
      objectReference: {fileID: 0}
    - target: {fileID: 7159669255398177444, guid: 4d50dd0523fac8047a00bf65b2ce4ef1, type: 3}
      propertyPath: m_LocalRotation.y
      value: 0
      objectReference: {fileID: 0}
    - target: {fileID: 7159669255398177444, guid: 4d50dd0523fac8047a00bf65b2ce4ef1, type: 3}
      propertyPath: m_LocalRotation.z
      value: 0
      objectReference: {fileID: 0}
    - target: {fileID: 7159669255398177444, guid: 4d50dd0523fac8047a00bf65b2ce4ef1, type: 3}
      propertyPath: m_LocalRotation.w
      value: 1
      objectReference: {fileID: 0}
    - target: {fileID: 7159669255398177444, guid: 4d50dd0523fac8047a00bf65b2ce4ef1, type: 3}
      propertyPath: m_RootOrder
      value: 4
      objectReference: {fileID: 0}
    - target: {fileID: 7159669255398177444, guid: 4d50dd0523fac8047a00bf65b2ce4ef1, type: 3}
      propertyPath: m_LocalEulerAnglesHint.x
      value: 0
      objectReference: {fileID: 0}
    - target: {fileID: 7159669255398177444, guid: 4d50dd0523fac8047a00bf65b2ce4ef1, type: 3}
      propertyPath: m_LocalEulerAnglesHint.y
      value: 0
      objectReference: {fileID: 0}
    - target: {fileID: 7159669255398177444, guid: 4d50dd0523fac8047a00bf65b2ce4ef1, type: 3}
      propertyPath: m_LocalEulerAnglesHint.z
      value: 0
      objectReference: {fileID: 0}
    m_RemovedComponents: []
  m_SourcePrefab: {fileID: 100100000, guid: 4d50dd0523fac8047a00bf65b2ce4ef1, type: 3}
--- !u!4 &8288124578787964497 stripped
Transform:
  m_CorrespondingSourceObject: {fileID: 7159669255398177444, guid: 4d50dd0523fac8047a00bf65b2ce4ef1, type: 3}
  m_PrefabInstance: {fileID: 1177994927915404533}
  m_PrefabAsset: {fileID: 0}
--- !u!1001 &1206988346367930562
PrefabInstance:
  m_ObjectHideFlags: 0
  serializedVersion: 2
  m_Modification:
    m_TransformParent: {fileID: 7689467542123543084}
    m_Modifications:
    - target: {fileID: 5039005815423193056, guid: 54045c6ac3c8f8944824e641affe4dc0, type: 3}
      propertyPath: m_Name
      value: CornerOut 001 Prefab
      objectReference: {fileID: 0}
    - target: {fileID: 7338277570128401368, guid: 54045c6ac3c8f8944824e641affe4dc0, type: 3}
      propertyPath: m_LocalPosition.x
      value: 8
      objectReference: {fileID: 0}
    - target: {fileID: 7338277570128401368, guid: 54045c6ac3c8f8944824e641affe4dc0, type: 3}
      propertyPath: m_LocalPosition.y
      value: 0
      objectReference: {fileID: 0}
    - target: {fileID: 7338277570128401368, guid: 54045c6ac3c8f8944824e641affe4dc0, type: 3}
      propertyPath: m_LocalPosition.z
      value: -4
      objectReference: {fileID: 0}
    - target: {fileID: 7338277570128401368, guid: 54045c6ac3c8f8944824e641affe4dc0, type: 3}
      propertyPath: m_LocalRotation.x
      value: -0
      objectReference: {fileID: 0}
    - target: {fileID: 7338277570128401368, guid: 54045c6ac3c8f8944824e641affe4dc0, type: 3}
      propertyPath: m_LocalRotation.y
      value: -0
      objectReference: {fileID: 0}
    - target: {fileID: 7338277570128401368, guid: 54045c6ac3c8f8944824e641affe4dc0, type: 3}
      propertyPath: m_LocalRotation.z
      value: -0
      objectReference: {fileID: 0}
    - target: {fileID: 7338277570128401368, guid: 54045c6ac3c8f8944824e641affe4dc0, type: 3}
      propertyPath: m_LocalRotation.w
      value: 1
      objectReference: {fileID: 0}
    - target: {fileID: 7338277570128401368, guid: 54045c6ac3c8f8944824e641affe4dc0, type: 3}
      propertyPath: m_RootOrder
      value: 0
      objectReference: {fileID: 0}
    - target: {fileID: 7338277570128401368, guid: 54045c6ac3c8f8944824e641affe4dc0, type: 3}
      propertyPath: m_LocalEulerAnglesHint.x
      value: 0
      objectReference: {fileID: 0}
    - target: {fileID: 7338277570128401368, guid: 54045c6ac3c8f8944824e641affe4dc0, type: 3}
      propertyPath: m_LocalEulerAnglesHint.y
      value: 0
      objectReference: {fileID: 0}
    - target: {fileID: 7338277570128401368, guid: 54045c6ac3c8f8944824e641affe4dc0, type: 3}
      propertyPath: m_LocalEulerAnglesHint.z
      value: 0
      objectReference: {fileID: 0}
    m_RemovedComponents: []
  m_SourcePrefab: {fileID: 100100000, guid: 54045c6ac3c8f8944824e641affe4dc0, type: 3}
--- !u!4 &8437169616411927322 stripped
Transform:
  m_CorrespondingSourceObject: {fileID: 7338277570128401368, guid: 54045c6ac3c8f8944824e641affe4dc0, type: 3}
  m_PrefabInstance: {fileID: 1206988346367930562}
  m_PrefabAsset: {fileID: 0}
--- !u!1001 &1405963741464846648
PrefabInstance:
  m_ObjectHideFlags: 0
  serializedVersion: 2
  m_Modification:
    m_TransformParent: {fileID: 7689467542123543084}
    m_Modifications:
    - target: {fileID: 7791362414938976276, guid: 051a17ae738dd9844b1e2defaa8e2b43, type: 3}
      propertyPath: m_Name
      value: WallM 001 Prefab
      objectReference: {fileID: 0}
    - target: {fileID: 7791362414938976277, guid: 051a17ae738dd9844b1e2defaa8e2b43, type: 3}
      propertyPath: m_LocalPosition.x
      value: 8
      objectReference: {fileID: 0}
    - target: {fileID: 7791362414938976277, guid: 051a17ae738dd9844b1e2defaa8e2b43, type: 3}
      propertyPath: m_LocalPosition.y
      value: 0
      objectReference: {fileID: 0}
    - target: {fileID: 7791362414938976277, guid: 051a17ae738dd9844b1e2defaa8e2b43, type: 3}
      propertyPath: m_LocalPosition.z
      value: 0
      objectReference: {fileID: 0}
    - target: {fileID: 7791362414938976277, guid: 051a17ae738dd9844b1e2defaa8e2b43, type: 3}
      propertyPath: m_LocalRotation.x
      value: -0
      objectReference: {fileID: 0}
    - target: {fileID: 7791362414938976277, guid: 051a17ae738dd9844b1e2defaa8e2b43, type: 3}
      propertyPath: m_LocalRotation.y
      value: -0
      objectReference: {fileID: 0}
    - target: {fileID: 7791362414938976277, guid: 051a17ae738dd9844b1e2defaa8e2b43, type: 3}
      propertyPath: m_LocalRotation.z
      value: -0
      objectReference: {fileID: 0}
    - target: {fileID: 7791362414938976277, guid: 051a17ae738dd9844b1e2defaa8e2b43, type: 3}
      propertyPath: m_LocalRotation.w
      value: 1
      objectReference: {fileID: 0}
    - target: {fileID: 7791362414938976277, guid: 051a17ae738dd9844b1e2defaa8e2b43, type: 3}
      propertyPath: m_RootOrder
      value: 6
      objectReference: {fileID: 0}
    - target: {fileID: 7791362414938976277, guid: 051a17ae738dd9844b1e2defaa8e2b43, type: 3}
      propertyPath: m_LocalEulerAnglesHint.x
      value: 0
      objectReference: {fileID: 0}
    - target: {fileID: 7791362414938976277, guid: 051a17ae738dd9844b1e2defaa8e2b43, type: 3}
      propertyPath: m_LocalEulerAnglesHint.y
      value: 0
      objectReference: {fileID: 0}
    - target: {fileID: 7791362414938976277, guid: 051a17ae738dd9844b1e2defaa8e2b43, type: 3}
      propertyPath: m_LocalEulerAnglesHint.z
      value: 0
      objectReference: {fileID: 0}
    m_RemovedComponents: []
  m_SourcePrefab: {fileID: 100100000, guid: 051a17ae738dd9844b1e2defaa8e2b43, type: 3}
--- !u!4 &9197061019482132781 stripped
Transform:
  m_CorrespondingSourceObject: {fileID: 7791362414938976277, guid: 051a17ae738dd9844b1e2defaa8e2b43, type: 3}
  m_PrefabInstance: {fileID: 1405963741464846648}
  m_PrefabAsset: {fileID: 0}
--- !u!1001 &2437913082761891827
PrefabInstance:
  m_ObjectHideFlags: 0
  serializedVersion: 2
  m_Modification:
    m_TransformParent: {fileID: 8319352284581868808}
    m_Modifications:
    - target: {fileID: 6989137476528333120, guid: 26f05b8b5360ec44bb8fcda821e14e4c, type: 3}
      propertyPath: m_LocalPosition.x
      value: -7
      objectReference: {fileID: 0}
    - target: {fileID: 6989137476528333120, guid: 26f05b8b5360ec44bb8fcda821e14e4c, type: 3}
      propertyPath: m_LocalPosition.y
      value: 0
      objectReference: {fileID: 0}
    - target: {fileID: 6989137476528333120, guid: 26f05b8b5360ec44bb8fcda821e14e4c, type: 3}
      propertyPath: m_LocalPosition.z
      value: 5
      objectReference: {fileID: 0}
    - target: {fileID: 6989137476528333120, guid: 26f05b8b5360ec44bb8fcda821e14e4c, type: 3}
      propertyPath: m_LocalRotation.x
      value: -0
      objectReference: {fileID: 0}
    - target: {fileID: 6989137476528333120, guid: 26f05b8b5360ec44bb8fcda821e14e4c, type: 3}
      propertyPath: m_LocalRotation.y
      value: 0.7071068
      objectReference: {fileID: 0}
    - target: {fileID: 6989137476528333120, guid: 26f05b8b5360ec44bb8fcda821e14e4c, type: 3}
      propertyPath: m_LocalRotation.z
      value: -0
      objectReference: {fileID: 0}
    - target: {fileID: 6989137476528333120, guid: 26f05b8b5360ec44bb8fcda821e14e4c, type: 3}
      propertyPath: m_LocalRotation.w
      value: 0.7071068
      objectReference: {fileID: 0}
    - target: {fileID: 6989137476528333120, guid: 26f05b8b5360ec44bb8fcda821e14e4c, type: 3}
      propertyPath: m_RootOrder
      value: 6
      objectReference: {fileID: 0}
    - target: {fileID: 6989137476528333120, guid: 26f05b8b5360ec44bb8fcda821e14e4c, type: 3}
      propertyPath: m_LocalEulerAnglesHint.x
      value: 0
      objectReference: {fileID: 0}
    - target: {fileID: 6989137476528333120, guid: 26f05b8b5360ec44bb8fcda821e14e4c, type: 3}
      propertyPath: m_LocalEulerAnglesHint.y
      value: 90
      objectReference: {fileID: 0}
    - target: {fileID: 6989137476528333120, guid: 26f05b8b5360ec44bb8fcda821e14e4c, type: 3}
      propertyPath: m_LocalEulerAnglesHint.z
      value: 0
      objectReference: {fileID: 0}
    - target: {fileID: 8541550531009497077, guid: 26f05b8b5360ec44bb8fcda821e14e4c, type: 3}
      propertyPath: m_Name
      value: InnerWallLowM 001 Prefab (4)
      objectReference: {fileID: 0}
    m_RemovedComponents: []
  m_SourcePrefab: {fileID: 100100000, guid: 26f05b8b5360ec44bb8fcda821e14e4c, type: 3}
--- !u!4 &4695937784921960115 stripped
Transform:
  m_CorrespondingSourceObject: {fileID: 6989137476528333120, guid: 26f05b8b5360ec44bb8fcda821e14e4c, type: 3}
  m_PrefabInstance: {fileID: 2437913082761891827}
  m_PrefabAsset: {fileID: 0}
--- !u!1001 &2451606518605929607
PrefabInstance:
  m_ObjectHideFlags: 0
  serializedVersion: 2
  m_Modification:
    m_TransformParent: {fileID: 2625647670132316620}
    m_Modifications:
    - target: {fileID: 5792804917008661212, guid: 11717b0f75f4b0340a609ffd5413f01e, type: 3}
      propertyPath: m_Name
      value: DoorWayMidS Prefab
      objectReference: {fileID: 0}
    - target: {fileID: 6927851787630514795, guid: 11717b0f75f4b0340a609ffd5413f01e, type: 3}
      propertyPath: m_LocalPosition.x
      value: -7
      objectReference: {fileID: 0}
    - target: {fileID: 6927851787630514795, guid: 11717b0f75f4b0340a609ffd5413f01e, type: 3}
      propertyPath: m_LocalPosition.y
      value: 0
      objectReference: {fileID: 0}
    - target: {fileID: 6927851787630514795, guid: 11717b0f75f4b0340a609ffd5413f01e, type: 3}
      propertyPath: m_LocalPosition.z
      value: 3
      objectReference: {fileID: 0}
    - target: {fileID: 6927851787630514795, guid: 11717b0f75f4b0340a609ffd5413f01e, type: 3}
      propertyPath: m_LocalRotation.x
      value: 0
      objectReference: {fileID: 0}
    - target: {fileID: 6927851787630514795, guid: 11717b0f75f4b0340a609ffd5413f01e, type: 3}
      propertyPath: m_LocalRotation.y
      value: 0.7071068
      objectReference: {fileID: 0}
    - target: {fileID: 6927851787630514795, guid: 11717b0f75f4b0340a609ffd5413f01e, type: 3}
      propertyPath: m_LocalRotation.z
      value: 0
      objectReference: {fileID: 0}
    - target: {fileID: 6927851787630514795, guid: 11717b0f75f4b0340a609ffd5413f01e, type: 3}
      propertyPath: m_LocalRotation.w
      value: 0.7071068
      objectReference: {fileID: 0}
    - target: {fileID: 6927851787630514795, guid: 11717b0f75f4b0340a609ffd5413f01e, type: 3}
      propertyPath: m_RootOrder
      value: 3
      objectReference: {fileID: 0}
    - target: {fileID: 6927851787630514795, guid: 11717b0f75f4b0340a609ffd5413f01e, type: 3}
      propertyPath: m_LocalEulerAnglesHint.x
      value: 0
      objectReference: {fileID: 0}
    - target: {fileID: 6927851787630514795, guid: 11717b0f75f4b0340a609ffd5413f01e, type: 3}
      propertyPath: m_LocalEulerAnglesHint.y
      value: 90
      objectReference: {fileID: 0}
    - target: {fileID: 6927851787630514795, guid: 11717b0f75f4b0340a609ffd5413f01e, type: 3}
      propertyPath: m_LocalEulerAnglesHint.z
      value: 0
      objectReference: {fileID: 0}
    m_RemovedComponents: []
  m_SourcePrefab: {fileID: 100100000, guid: 11717b0f75f4b0340a609ffd5413f01e, type: 3}
--- !u!4 &4765221123875688172 stripped
Transform:
  m_CorrespondingSourceObject: {fileID: 6927851787630514795, guid: 11717b0f75f4b0340a609ffd5413f01e, type: 3}
  m_PrefabInstance: {fileID: 2451606518605929607}
  m_PrefabAsset: {fileID: 0}
--- !u!114 &2710190970541370320 stripped
MonoBehaviour:
  m_CorrespondingSourceObject: {fileID: 547560603189720919, guid: 11717b0f75f4b0340a609ffd5413f01e, type: 3}
  m_PrefabInstance: {fileID: 2451606518605929607}
  m_PrefabAsset: {fileID: 0}
  m_GameObject: {fileID: 0}
  m_Enabled: 1
  m_EditorHideFlags: 0
  m_Script: {fileID: 11500000, guid: f7c4127a5928414e99da6e1cd74bd4ff, type: 3}
  m_Name: 
  m_EditorClassIdentifier: 
--- !u!1001 &2894806192167638516
PrefabInstance:
  m_ObjectHideFlags: 0
  serializedVersion: 2
  m_Modification:
    m_TransformParent: {fileID: 8319352284581868808}
    m_Modifications:
    - target: {fileID: 6989137476528333120, guid: 26f05b8b5360ec44bb8fcda821e14e4c, type: 3}
      propertyPath: m_LocalPosition.x
      value: -9
      objectReference: {fileID: 0}
    - target: {fileID: 6989137476528333120, guid: 26f05b8b5360ec44bb8fcda821e14e4c, type: 3}
      propertyPath: m_LocalPosition.y
      value: 0
      objectReference: {fileID: 0}
    - target: {fileID: 6989137476528333120, guid: 26f05b8b5360ec44bb8fcda821e14e4c, type: 3}
      propertyPath: m_LocalPosition.z
      value: -1
      objectReference: {fileID: 0}
    - target: {fileID: 6989137476528333120, guid: 26f05b8b5360ec44bb8fcda821e14e4c, type: 3}
      propertyPath: m_LocalRotation.x
      value: -0
      objectReference: {fileID: 0}
    - target: {fileID: 6989137476528333120, guid: 26f05b8b5360ec44bb8fcda821e14e4c, type: 3}
      propertyPath: m_LocalRotation.y
      value: -0
      objectReference: {fileID: 0}
    - target: {fileID: 6989137476528333120, guid: 26f05b8b5360ec44bb8fcda821e14e4c, type: 3}
      propertyPath: m_LocalRotation.z
      value: -0
      objectReference: {fileID: 0}
    - target: {fileID: 6989137476528333120, guid: 26f05b8b5360ec44bb8fcda821e14e4c, type: 3}
      propertyPath: m_LocalRotation.w
      value: 1
      objectReference: {fileID: 0}
    - target: {fileID: 6989137476528333120, guid: 26f05b8b5360ec44bb8fcda821e14e4c, type: 3}
      propertyPath: m_RootOrder
      value: 2
      objectReference: {fileID: 0}
    - target: {fileID: 6989137476528333120, guid: 26f05b8b5360ec44bb8fcda821e14e4c, type: 3}
      propertyPath: m_LocalEulerAnglesHint.x
      value: 0
      objectReference: {fileID: 0}
    - target: {fileID: 6989137476528333120, guid: 26f05b8b5360ec44bb8fcda821e14e4c, type: 3}
      propertyPath: m_LocalEulerAnglesHint.y
      value: 0
      objectReference: {fileID: 0}
    - target: {fileID: 6989137476528333120, guid: 26f05b8b5360ec44bb8fcda821e14e4c, type: 3}
      propertyPath: m_LocalEulerAnglesHint.z
      value: 0
      objectReference: {fileID: 0}
    - target: {fileID: 8541550531009497077, guid: 26f05b8b5360ec44bb8fcda821e14e4c, type: 3}
      propertyPath: m_Name
      value: InnerWallLowM 001 Prefab
      objectReference: {fileID: 0}
    m_RemovedComponents: []
  m_SourcePrefab: {fileID: 100100000, guid: 26f05b8b5360ec44bb8fcda821e14e4c, type: 3}
--- !u!4 &5247271246623126708 stripped
Transform:
  m_CorrespondingSourceObject: {fileID: 6989137476528333120, guid: 26f05b8b5360ec44bb8fcda821e14e4c, type: 3}
  m_PrefabInstance: {fileID: 2894806192167638516}
  m_PrefabAsset: {fileID: 0}
--- !u!1001 &2961263942857854736
PrefabInstance:
  m_ObjectHideFlags: 0
  serializedVersion: 2
  m_Modification:
    m_TransformParent: {fileID: 7689467542123543084}
    m_Modifications:
    - target: {fileID: 7791362414938976276, guid: 051a17ae738dd9844b1e2defaa8e2b43, type: 3}
      propertyPath: m_Name
      value: WallM 001 Prefab (3)
      objectReference: {fileID: 0}
    - target: {fileID: 7791362414938976277, guid: 051a17ae738dd9844b1e2defaa8e2b43, type: 3}
      propertyPath: m_LocalPosition.x
      value: -4
      objectReference: {fileID: 0}
    - target: {fileID: 7791362414938976277, guid: 051a17ae738dd9844b1e2defaa8e2b43, type: 3}
      propertyPath: m_LocalPosition.y
      value: 0
      objectReference: {fileID: 0}
    - target: {fileID: 7791362414938976277, guid: 051a17ae738dd9844b1e2defaa8e2b43, type: 3}
      propertyPath: m_LocalPosition.z
      value: -3
      objectReference: {fileID: 0}
    - target: {fileID: 7791362414938976277, guid: 051a17ae738dd9844b1e2defaa8e2b43, type: 3}
      propertyPath: m_LocalRotation.x
      value: -0
      objectReference: {fileID: 0}
    - target: {fileID: 7791362414938976277, guid: 051a17ae738dd9844b1e2defaa8e2b43, type: 3}
      propertyPath: m_LocalRotation.y
      value: 0.7071068
      objectReference: {fileID: 0}
    - target: {fileID: 7791362414938976277, guid: 051a17ae738dd9844b1e2defaa8e2b43, type: 3}
      propertyPath: m_LocalRotation.z
      value: -0
      objectReference: {fileID: 0}
    - target: {fileID: 7791362414938976277, guid: 051a17ae738dd9844b1e2defaa8e2b43, type: 3}
      propertyPath: m_LocalRotation.w
      value: 0.7071068
      objectReference: {fileID: 0}
    - target: {fileID: 7791362414938976277, guid: 051a17ae738dd9844b1e2defaa8e2b43, type: 3}
      propertyPath: m_RootOrder
      value: 9
      objectReference: {fileID: 0}
    - target: {fileID: 7791362414938976277, guid: 051a17ae738dd9844b1e2defaa8e2b43, type: 3}
      propertyPath: m_LocalEulerAnglesHint.x
      value: 0
      objectReference: {fileID: 0}
    - target: {fileID: 7791362414938976277, guid: 051a17ae738dd9844b1e2defaa8e2b43, type: 3}
      propertyPath: m_LocalEulerAnglesHint.y
      value: 90
      objectReference: {fileID: 0}
    - target: {fileID: 7791362414938976277, guid: 051a17ae738dd9844b1e2defaa8e2b43, type: 3}
      propertyPath: m_LocalEulerAnglesHint.z
      value: 0
      objectReference: {fileID: 0}
    m_RemovedComponents: []
  m_SourcePrefab: {fileID: 100100000, guid: 051a17ae738dd9844b1e2defaa8e2b43, type: 3}
--- !u!4 &4988017013695938309 stripped
Transform:
  m_CorrespondingSourceObject: {fileID: 7791362414938976277, guid: 051a17ae738dd9844b1e2defaa8e2b43, type: 3}
  m_PrefabInstance: {fileID: 2961263942857854736}
  m_PrefabAsset: {fileID: 0}
--- !u!1001 &3564630393562912036
PrefabInstance:
  m_ObjectHideFlags: 0
  serializedVersion: 2
  m_Modification:
    m_TransformParent: {fileID: 8319352284581868808}
    m_Modifications:
    - target: {fileID: 6989137476528333120, guid: 26f05b8b5360ec44bb8fcda821e14e4c, type: 3}
      propertyPath: m_LocalPosition.x
      value: -11
      objectReference: {fileID: 0}
    - target: {fileID: 6989137476528333120, guid: 26f05b8b5360ec44bb8fcda821e14e4c, type: 3}
      propertyPath: m_LocalPosition.y
      value: 0
      objectReference: {fileID: 0}
    - target: {fileID: 6989137476528333120, guid: 26f05b8b5360ec44bb8fcda821e14e4c, type: 3}
      propertyPath: m_LocalPosition.z
      value: -1
      objectReference: {fileID: 0}
    - target: {fileID: 6989137476528333120, guid: 26f05b8b5360ec44bb8fcda821e14e4c, type: 3}
      propertyPath: m_LocalRotation.x
      value: -0
      objectReference: {fileID: 0}
    - target: {fileID: 6989137476528333120, guid: 26f05b8b5360ec44bb8fcda821e14e4c, type: 3}
      propertyPath: m_LocalRotation.y
      value: -0
      objectReference: {fileID: 0}
    - target: {fileID: 6989137476528333120, guid: 26f05b8b5360ec44bb8fcda821e14e4c, type: 3}
      propertyPath: m_LocalRotation.z
      value: -0
      objectReference: {fileID: 0}
    - target: {fileID: 6989137476528333120, guid: 26f05b8b5360ec44bb8fcda821e14e4c, type: 3}
      propertyPath: m_LocalRotation.w
      value: 1
      objectReference: {fileID: 0}
    - target: {fileID: 6989137476528333120, guid: 26f05b8b5360ec44bb8fcda821e14e4c, type: 3}
      propertyPath: m_RootOrder
      value: 3
      objectReference: {fileID: 0}
    - target: {fileID: 6989137476528333120, guid: 26f05b8b5360ec44bb8fcda821e14e4c, type: 3}
      propertyPath: m_LocalEulerAnglesHint.x
      value: 0
      objectReference: {fileID: 0}
    - target: {fileID: 6989137476528333120, guid: 26f05b8b5360ec44bb8fcda821e14e4c, type: 3}
      propertyPath: m_LocalEulerAnglesHint.y
      value: 0
      objectReference: {fileID: 0}
    - target: {fileID: 6989137476528333120, guid: 26f05b8b5360ec44bb8fcda821e14e4c, type: 3}
      propertyPath: m_LocalEulerAnglesHint.z
      value: 0
      objectReference: {fileID: 0}
    - target: {fileID: 8541550531009497077, guid: 26f05b8b5360ec44bb8fcda821e14e4c, type: 3}
      propertyPath: m_Name
      value: InnerWallLowM 001 Prefab (1)
      objectReference: {fileID: 0}
    m_RemovedComponents: []
  m_SourcePrefab: {fileID: 100100000, guid: 26f05b8b5360ec44bb8fcda821e14e4c, type: 3}
--- !u!4 &5874519059725792356 stripped
Transform:
  m_CorrespondingSourceObject: {fileID: 6989137476528333120, guid: 26f05b8b5360ec44bb8fcda821e14e4c, type: 3}
  m_PrefabInstance: {fileID: 3564630393562912036}
  m_PrefabAsset: {fileID: 0}
--- !u!1001 &4674929887280119859
PrefabInstance:
  m_ObjectHideFlags: 0
  serializedVersion: 2
  m_Modification:
    m_TransformParent: {fileID: 8319352284581868808}
    m_Modifications:
    - target: {fileID: 6989137476528333120, guid: 26f05b8b5360ec44bb8fcda821e14e4c, type: 3}
      propertyPath: m_LocalPosition.x
      value: -3
      objectReference: {fileID: 0}
    - target: {fileID: 6989137476528333120, guid: 26f05b8b5360ec44bb8fcda821e14e4c, type: 3}
      propertyPath: m_LocalPosition.y
      value: 0
      objectReference: {fileID: 0}
    - target: {fileID: 6989137476528333120, guid: 26f05b8b5360ec44bb8fcda821e14e4c, type: 3}
      propertyPath: m_LocalPosition.z
      value: 1
      objectReference: {fileID: 0}
    - target: {fileID: 6989137476528333120, guid: 26f05b8b5360ec44bb8fcda821e14e4c, type: 3}
      propertyPath: m_LocalRotation.x
      value: -0
      objectReference: {fileID: 0}
    - target: {fileID: 6989137476528333120, guid: 26f05b8b5360ec44bb8fcda821e14e4c, type: 3}
      propertyPath: m_LocalRotation.y
      value: -0
      objectReference: {fileID: 0}
    - target: {fileID: 6989137476528333120, guid: 26f05b8b5360ec44bb8fcda821e14e4c, type: 3}
      propertyPath: m_LocalRotation.z
      value: -0
      objectReference: {fileID: 0}
    - target: {fileID: 6989137476528333120, guid: 26f05b8b5360ec44bb8fcda821e14e4c, type: 3}
      propertyPath: m_LocalRotation.w
      value: 1
      objectReference: {fileID: 0}
    - target: {fileID: 6989137476528333120, guid: 26f05b8b5360ec44bb8fcda821e14e4c, type: 3}
      propertyPath: m_RootOrder
      value: 10
      objectReference: {fileID: 0}
    - target: {fileID: 6989137476528333120, guid: 26f05b8b5360ec44bb8fcda821e14e4c, type: 3}
      propertyPath: m_LocalEulerAnglesHint.x
      value: 0
      objectReference: {fileID: 0}
    - target: {fileID: 6989137476528333120, guid: 26f05b8b5360ec44bb8fcda821e14e4c, type: 3}
      propertyPath: m_LocalEulerAnglesHint.y
      value: 0
      objectReference: {fileID: 0}
    - target: {fileID: 6989137476528333120, guid: 26f05b8b5360ec44bb8fcda821e14e4c, type: 3}
      propertyPath: m_LocalEulerAnglesHint.z
      value: 0
      objectReference: {fileID: 0}
    - target: {fileID: 8541550531009497077, guid: 26f05b8b5360ec44bb8fcda821e14e4c, type: 3}
      propertyPath: m_Name
      value: InnerWallLowM 001 Prefab (8)
      objectReference: {fileID: 0}
    m_RemovedComponents: []
  m_SourcePrefab: {fileID: 100100000, guid: 26f05b8b5360ec44bb8fcda821e14e4c, type: 3}
--- !u!4 &2314507674355966323 stripped
Transform:
  m_CorrespondingSourceObject: {fileID: 6989137476528333120, guid: 26f05b8b5360ec44bb8fcda821e14e4c, type: 3}
  m_PrefabInstance: {fileID: 4674929887280119859}
  m_PrefabAsset: {fileID: 0}
--- !u!1001 &4699889852436740882
PrefabInstance:
  m_ObjectHideFlags: 0
  serializedVersion: 2
  m_Modification:
    m_TransformParent: {fileID: 7689467542123543084}
    m_Modifications:
    - target: {fileID: 5039005815423193056, guid: 54045c6ac3c8f8944824e641affe4dc0, type: 3}
      propertyPath: m_Name
      value: CornerOut 001 Prefab (1)
      objectReference: {fileID: 0}
    - target: {fileID: 7338277570128401368, guid: 54045c6ac3c8f8944824e641affe4dc0, type: 3}
      propertyPath: m_LocalPosition.x
      value: -8
      objectReference: {fileID: 0}
    - target: {fileID: 7338277570128401368, guid: 54045c6ac3c8f8944824e641affe4dc0, type: 3}
      propertyPath: m_LocalPosition.y
      value: 0
      objectReference: {fileID: 0}
    - target: {fileID: 7338277570128401368, guid: 54045c6ac3c8f8944824e641affe4dc0, type: 3}
      propertyPath: m_LocalPosition.z
      value: -3
      objectReference: {fileID: 0}
    - target: {fileID: 7338277570128401368, guid: 54045c6ac3c8f8944824e641affe4dc0, type: 3}
      propertyPath: m_LocalRotation.x
      value: -0
      objectReference: {fileID: 0}
    - target: {fileID: 7338277570128401368, guid: 54045c6ac3c8f8944824e641affe4dc0, type: 3}
      propertyPath: m_LocalRotation.y
      value: 0.70710576
      objectReference: {fileID: 0}
    - target: {fileID: 7338277570128401368, guid: 54045c6ac3c8f8944824e641affe4dc0, type: 3}
      propertyPath: m_LocalRotation.z
      value: -0
      objectReference: {fileID: 0}
    - target: {fileID: 7338277570128401368, guid: 54045c6ac3c8f8944824e641affe4dc0, type: 3}
      propertyPath: m_LocalRotation.w
      value: 0.70710784
      objectReference: {fileID: 0}
    - target: {fileID: 7338277570128401368, guid: 54045c6ac3c8f8944824e641affe4dc0, type: 3}
      propertyPath: m_RootOrder
      value: 1
      objectReference: {fileID: 0}
    - target: {fileID: 7338277570128401368, guid: 54045c6ac3c8f8944824e641affe4dc0, type: 3}
      propertyPath: m_LocalEulerAnglesHint.x
      value: 0
      objectReference: {fileID: 0}
    - target: {fileID: 7338277570128401368, guid: 54045c6ac3c8f8944824e641affe4dc0, type: 3}
      propertyPath: m_LocalEulerAnglesHint.y
      value: 90
      objectReference: {fileID: 0}
    - target: {fileID: 7338277570128401368, guid: 54045c6ac3c8f8944824e641affe4dc0, type: 3}
      propertyPath: m_LocalEulerAnglesHint.z
      value: 0
      objectReference: {fileID: 0}
    m_RemovedComponents: []
  m_SourcePrefab: {fileID: 100100000, guid: 54045c6ac3c8f8944824e641affe4dc0, type: 3}
--- !u!4 &2661504760729577674 stripped
Transform:
  m_CorrespondingSourceObject: {fileID: 7338277570128401368, guid: 54045c6ac3c8f8944824e641affe4dc0, type: 3}
  m_PrefabInstance: {fileID: 4699889852436740882}
  m_PrefabAsset: {fileID: 0}
--- !u!1001 &4719769300911524982
PrefabInstance:
  m_ObjectHideFlags: 0
  serializedVersion: 2
  m_Modification:
    m_TransformParent: {fileID: 8319352284581868808}
    m_Modifications:
    - target: {fileID: 1951956021364941552, guid: 99d30d1bd00192b418a6ac55b0913cf2, type: 3}
      propertyPath: m_LocalPosition.x
      value: -7
      objectReference: {fileID: 0}
    - target: {fileID: 1951956021364941552, guid: 99d30d1bd00192b418a6ac55b0913cf2, type: 3}
      propertyPath: m_LocalPosition.y
      value: 0
      objectReference: {fileID: 0}
    - target: {fileID: 1951956021364941552, guid: 99d30d1bd00192b418a6ac55b0913cf2, type: 3}
      propertyPath: m_LocalPosition.z
      value: 6
      objectReference: {fileID: 0}
    - target: {fileID: 1951956021364941552, guid: 99d30d1bd00192b418a6ac55b0913cf2, type: 3}
      propertyPath: m_LocalRotation.x
      value: -0
      objectReference: {fileID: 0}
    - target: {fileID: 1951956021364941552, guid: 99d30d1bd00192b418a6ac55b0913cf2, type: 3}
      propertyPath: m_LocalRotation.y
      value: -0
      objectReference: {fileID: 0}
    - target: {fileID: 1951956021364941552, guid: 99d30d1bd00192b418a6ac55b0913cf2, type: 3}
      propertyPath: m_LocalRotation.z
      value: -0
      objectReference: {fileID: 0}
    - target: {fileID: 1951956021364941552, guid: 99d30d1bd00192b418a6ac55b0913cf2, type: 3}
      propertyPath: m_LocalRotation.w
      value: 1
      objectReference: {fileID: 0}
    - target: {fileID: 1951956021364941552, guid: 99d30d1bd00192b418a6ac55b0913cf2, type: 3}
      propertyPath: m_RootOrder
      value: 1
      objectReference: {fileID: 0}
    - target: {fileID: 1951956021364941552, guid: 99d30d1bd00192b418a6ac55b0913cf2, type: 3}
      propertyPath: m_LocalEulerAnglesHint.x
      value: 0
      objectReference: {fileID: 0}
    - target: {fileID: 1951956021364941552, guid: 99d30d1bd00192b418a6ac55b0913cf2, type: 3}
      propertyPath: m_LocalEulerAnglesHint.y
      value: 0
      objectReference: {fileID: 0}
    - target: {fileID: 1951956021364941552, guid: 99d30d1bd00192b418a6ac55b0913cf2, type: 3}
      propertyPath: m_LocalEulerAnglesHint.z
      value: 0
      objectReference: {fileID: 0}
    - target: {fileID: 8404492622304930987, guid: 99d30d1bd00192b418a6ac55b0913cf2, type: 3}
      propertyPath: m_Name
      value: InnerWallLowS 001 Prefab
      objectReference: {fileID: 0}
    m_RemovedComponents: []
  m_SourcePrefab: {fileID: 100100000, guid: 99d30d1bd00192b418a6ac55b0913cf2, type: 3}
--- !u!4 &6514809275607707270 stripped
Transform:
  m_CorrespondingSourceObject: {fileID: 1951956021364941552, guid: 99d30d1bd00192b418a6ac55b0913cf2, type: 3}
  m_PrefabInstance: {fileID: 4719769300911524982}
  m_PrefabAsset: {fileID: 0}
--- !u!1001 &4927315609628407785
PrefabInstance:
  m_ObjectHideFlags: 0
  serializedVersion: 2
  m_Modification:
    m_TransformParent: {fileID: 7689467542123543084}
    m_Modifications:
    - target: {fileID: 5039005815423193056, guid: 54045c6ac3c8f8944824e641affe4dc0, type: 3}
      propertyPath: m_Name
      value: CornerOut 001 Prefab (2)
      objectReference: {fileID: 0}
    - target: {fileID: 7338277570128401368, guid: 54045c6ac3c8f8944824e641affe4dc0, type: 3}
      propertyPath: m_LocalPosition.x
      value: -7
      objectReference: {fileID: 0}
    - target: {fileID: 7338277570128401368, guid: 54045c6ac3c8f8944824e641affe4dc0, type: 3}
      propertyPath: m_LocalPosition.y
      value: 0
      objectReference: {fileID: 0}
    - target: {fileID: 7338277570128401368, guid: 54045c6ac3c8f8944824e641affe4dc0, type: 3}
      propertyPath: m_LocalPosition.z
      value: 5
      objectReference: {fileID: 0}
    - target: {fileID: 7338277570128401368, guid: 54045c6ac3c8f8944824e641affe4dc0, type: 3}
      propertyPath: m_LocalRotation.x
      value: -0
      objectReference: {fileID: 0}
    - target: {fileID: 7338277570128401368, guid: 54045c6ac3c8f8944824e641affe4dc0, type: 3}
      propertyPath: m_LocalRotation.y
      value: 1
      objectReference: {fileID: 0}
    - target: {fileID: 7338277570128401368, guid: 54045c6ac3c8f8944824e641affe4dc0, type: 3}
      propertyPath: m_LocalRotation.z
      value: -0
      objectReference: {fileID: 0}
    - target: {fileID: 7338277570128401368, guid: 54045c6ac3c8f8944824e641affe4dc0, type: 3}
      propertyPath: m_LocalRotation.w
      value: 0.0000029504295
      objectReference: {fileID: 0}
    - target: {fileID: 7338277570128401368, guid: 54045c6ac3c8f8944824e641affe4dc0, type: 3}
      propertyPath: m_RootOrder
      value: 2
      objectReference: {fileID: 0}
    - target: {fileID: 7338277570128401368, guid: 54045c6ac3c8f8944824e641affe4dc0, type: 3}
      propertyPath: m_LocalEulerAnglesHint.x
      value: 0
      objectReference: {fileID: 0}
    - target: {fileID: 7338277570128401368, guid: 54045c6ac3c8f8944824e641affe4dc0, type: 3}
      propertyPath: m_LocalEulerAnglesHint.y
      value: 180
      objectReference: {fileID: 0}
    - target: {fileID: 7338277570128401368, guid: 54045c6ac3c8f8944824e641affe4dc0, type: 3}
      propertyPath: m_LocalEulerAnglesHint.z
      value: 0
      objectReference: {fileID: 0}
    m_RemovedComponents: []
  m_SourcePrefab: {fileID: 100100000, guid: 54045c6ac3c8f8944824e641affe4dc0, type: 3}
--- !u!4 &2429581915038884913 stripped
Transform:
  m_CorrespondingSourceObject: {fileID: 7338277570128401368, guid: 54045c6ac3c8f8944824e641affe4dc0, type: 3}
  m_PrefabInstance: {fileID: 4927315609628407785}
  m_PrefabAsset: {fileID: 0}
--- !u!1001 &4963745015837951786
PrefabInstance:
  m_ObjectHideFlags: 0
  serializedVersion: 2
  m_Modification:
    m_TransformParent: {fileID: 8319352284581868808}
    m_Modifications:
    - target: {fileID: 6989137476528333120, guid: 26f05b8b5360ec44bb8fcda821e14e4c, type: 3}
      propertyPath: m_LocalPosition.x
      value: -4
      objectReference: {fileID: 0}
    - target: {fileID: 6989137476528333120, guid: 26f05b8b5360ec44bb8fcda821e14e4c, type: 3}
      propertyPath: m_LocalPosition.y
      value: 0
      objectReference: {fileID: 0}
    - target: {fileID: 6989137476528333120, guid: 26f05b8b5360ec44bb8fcda821e14e4c, type: 3}
      propertyPath: m_LocalPosition.z
      value: -1
      objectReference: {fileID: 0}
    - target: {fileID: 6989137476528333120, guid: 26f05b8b5360ec44bb8fcda821e14e4c, type: 3}
      propertyPath: m_LocalRotation.x
      value: -0
      objectReference: {fileID: 0}
    - target: {fileID: 6989137476528333120, guid: 26f05b8b5360ec44bb8fcda821e14e4c, type: 3}
      propertyPath: m_LocalRotation.y
      value: -0
      objectReference: {fileID: 0}
    - target: {fileID: 6989137476528333120, guid: 26f05b8b5360ec44bb8fcda821e14e4c, type: 3}
      propertyPath: m_LocalRotation.z
      value: -0
      objectReference: {fileID: 0}
    - target: {fileID: 6989137476528333120, guid: 26f05b8b5360ec44bb8fcda821e14e4c, type: 3}
      propertyPath: m_LocalRotation.w
      value: 1
      objectReference: {fileID: 0}
    - target: {fileID: 6989137476528333120, guid: 26f05b8b5360ec44bb8fcda821e14e4c, type: 3}
      propertyPath: m_RootOrder
      value: 9
      objectReference: {fileID: 0}
    - target: {fileID: 6989137476528333120, guid: 26f05b8b5360ec44bb8fcda821e14e4c, type: 3}
      propertyPath: m_LocalEulerAnglesHint.x
      value: 0
      objectReference: {fileID: 0}
    - target: {fileID: 6989137476528333120, guid: 26f05b8b5360ec44bb8fcda821e14e4c, type: 3}
      propertyPath: m_LocalEulerAnglesHint.y
      value: 0
      objectReference: {fileID: 0}
    - target: {fileID: 6989137476528333120, guid: 26f05b8b5360ec44bb8fcda821e14e4c, type: 3}
      propertyPath: m_LocalEulerAnglesHint.z
      value: 0
      objectReference: {fileID: 0}
    - target: {fileID: 8541550531009497077, guid: 26f05b8b5360ec44bb8fcda821e14e4c, type: 3}
      propertyPath: m_Name
      value: InnerWallLowM 001 Prefab (7)
      objectReference: {fileID: 0}
    m_RemovedComponents: []
  m_SourcePrefab: {fileID: 100100000, guid: 26f05b8b5360ec44bb8fcda821e14e4c, type: 3}
--- !u!4 &2602135330072323690 stripped
Transform:
  m_CorrespondingSourceObject: {fileID: 6989137476528333120, guid: 26f05b8b5360ec44bb8fcda821e14e4c, type: 3}
  m_PrefabInstance: {fileID: 4963745015837951786}
  m_PrefabAsset: {fileID: 0}
--- !u!1001 &5328850512692748572
PrefabInstance:
  m_ObjectHideFlags: 0
  serializedVersion: 2
  m_Modification:
    m_TransformParent: {fileID: 8319352284581868808}
    m_Modifications:
    - target: {fileID: 6989137476528333120, guid: 26f05b8b5360ec44bb8fcda821e14e4c, type: 3}
      propertyPath: m_LocalPosition.x
      value: -6
      objectReference: {fileID: 0}
    - target: {fileID: 6989137476528333120, guid: 26f05b8b5360ec44bb8fcda821e14e4c, type: 3}
      propertyPath: m_LocalPosition.y
      value: 0
      objectReference: {fileID: 0}
    - target: {fileID: 6989137476528333120, guid: 26f05b8b5360ec44bb8fcda821e14e4c, type: 3}
      propertyPath: m_LocalPosition.z
      value: 3
      objectReference: {fileID: 0}
    - target: {fileID: 6989137476528333120, guid: 26f05b8b5360ec44bb8fcda821e14e4c, type: 3}
      propertyPath: m_LocalRotation.x
      value: -0
      objectReference: {fileID: 0}
    - target: {fileID: 6989137476528333120, guid: 26f05b8b5360ec44bb8fcda821e14e4c, type: 3}
      propertyPath: m_LocalRotation.y
      value: -0
      objectReference: {fileID: 0}
    - target: {fileID: 6989137476528333120, guid: 26f05b8b5360ec44bb8fcda821e14e4c, type: 3}
      propertyPath: m_LocalRotation.z
      value: -0
      objectReference: {fileID: 0}
    - target: {fileID: 6989137476528333120, guid: 26f05b8b5360ec44bb8fcda821e14e4c, type: 3}
      propertyPath: m_LocalRotation.w
      value: 1
      objectReference: {fileID: 0}
    - target: {fileID: 6989137476528333120, guid: 26f05b8b5360ec44bb8fcda821e14e4c, type: 3}
      propertyPath: m_RootOrder
      value: 7
      objectReference: {fileID: 0}
    - target: {fileID: 6989137476528333120, guid: 26f05b8b5360ec44bb8fcda821e14e4c, type: 3}
      propertyPath: m_LocalEulerAnglesHint.x
      value: 0
      objectReference: {fileID: 0}
    - target: {fileID: 6989137476528333120, guid: 26f05b8b5360ec44bb8fcda821e14e4c, type: 3}
      propertyPath: m_LocalEulerAnglesHint.y
      value: 0
      objectReference: {fileID: 0}
    - target: {fileID: 6989137476528333120, guid: 26f05b8b5360ec44bb8fcda821e14e4c, type: 3}
      propertyPath: m_LocalEulerAnglesHint.z
      value: 0
      objectReference: {fileID: 0}
    - target: {fileID: 8541550531009497077, guid: 26f05b8b5360ec44bb8fcda821e14e4c, type: 3}
      propertyPath: m_Name
      value: InnerWallLowM 001 Prefab (5)
      objectReference: {fileID: 0}
    m_RemovedComponents: []
  m_SourcePrefab: {fileID: 100100000, guid: 26f05b8b5360ec44bb8fcda821e14e4c, type: 3}
--- !u!4 &2958168757910028380 stripped
Transform:
  m_CorrespondingSourceObject: {fileID: 6989137476528333120, guid: 26f05b8b5360ec44bb8fcda821e14e4c, type: 3}
  m_PrefabInstance: {fileID: 5328850512692748572}
  m_PrefabAsset: {fileID: 0}
--- !u!1001 &5428605217720123324
PrefabInstance:
  m_ObjectHideFlags: 0
  serializedVersion: 2
  m_Modification:
    m_TransformParent: {fileID: 8319352284581868808}
    m_Modifications:
    - target: {fileID: 6989137476528333120, guid: 26f05b8b5360ec44bb8fcda821e14e4c, type: 3}
      propertyPath: m_LocalPosition.x
      value: -2
      objectReference: {fileID: 0}
    - target: {fileID: 6989137476528333120, guid: 26f05b8b5360ec44bb8fcda821e14e4c, type: 3}
      propertyPath: m_LocalPosition.y
      value: 0
      objectReference: {fileID: 0}
    - target: {fileID: 6989137476528333120, guid: 26f05b8b5360ec44bb8fcda821e14e4c, type: 3}
      propertyPath: m_LocalPosition.z
      value: 0
      objectReference: {fileID: 0}
    - target: {fileID: 6989137476528333120, guid: 26f05b8b5360ec44bb8fcda821e14e4c, type: 3}
      propertyPath: m_LocalRotation.x
      value: -0
      objectReference: {fileID: 0}
    - target: {fileID: 6989137476528333120, guid: 26f05b8b5360ec44bb8fcda821e14e4c, type: 3}
      propertyPath: m_LocalRotation.y
      value: 0.7071068
      objectReference: {fileID: 0}
    - target: {fileID: 6989137476528333120, guid: 26f05b8b5360ec44bb8fcda821e14e4c, type: 3}
      propertyPath: m_LocalRotation.z
      value: -0
      objectReference: {fileID: 0}
    - target: {fileID: 6989137476528333120, guid: 26f05b8b5360ec44bb8fcda821e14e4c, type: 3}
      propertyPath: m_LocalRotation.w
      value: 0.7071068
      objectReference: {fileID: 0}
    - target: {fileID: 6989137476528333120, guid: 26f05b8b5360ec44bb8fcda821e14e4c, type: 3}
      propertyPath: m_RootOrder
      value: 11
      objectReference: {fileID: 0}
    - target: {fileID: 6989137476528333120, guid: 26f05b8b5360ec44bb8fcda821e14e4c, type: 3}
      propertyPath: m_LocalEulerAnglesHint.x
      value: 0
      objectReference: {fileID: 0}
    - target: {fileID: 6989137476528333120, guid: 26f05b8b5360ec44bb8fcda821e14e4c, type: 3}
      propertyPath: m_LocalEulerAnglesHint.y
      value: 90
      objectReference: {fileID: 0}
    - target: {fileID: 6989137476528333120, guid: 26f05b8b5360ec44bb8fcda821e14e4c, type: 3}
      propertyPath: m_LocalEulerAnglesHint.z
      value: 0
      objectReference: {fileID: 0}
    - target: {fileID: 8541550531009497077, guid: 26f05b8b5360ec44bb8fcda821e14e4c, type: 3}
      propertyPath: m_Name
      value: InnerWallLowM 001 Prefab (9)
      objectReference: {fileID: 0}
    m_RemovedComponents: []
  m_SourcePrefab: {fileID: 100100000, guid: 26f05b8b5360ec44bb8fcda821e14e4c, type: 3}
--- !u!4 &3145799729223130876 stripped
Transform:
  m_CorrespondingSourceObject: {fileID: 6989137476528333120, guid: 26f05b8b5360ec44bb8fcda821e14e4c, type: 3}
  m_PrefabInstance: {fileID: 5428605217720123324}
  m_PrefabAsset: {fileID: 0}
--- !u!1001 &5583874945310278978
PrefabInstance:
  m_ObjectHideFlags: 0
  serializedVersion: 2
  m_Modification:
    m_TransformParent: {fileID: 2625647670132316620}
    m_Modifications:
    - target: {fileID: 6312652399773581572, guid: f494d356ec128944c96269f6338f7069, type: 3}
      propertyPath: m_LocalPosition.x
      value: -10
      objectReference: {fileID: 0}
    - target: {fileID: 6312652399773581572, guid: f494d356ec128944c96269f6338f7069, type: 3}
      propertyPath: m_LocalPosition.y
      value: 0
      objectReference: {fileID: 0}
    - target: {fileID: 6312652399773581572, guid: f494d356ec128944c96269f6338f7069, type: 3}
      propertyPath: m_LocalPosition.z
      value: 7
      objectReference: {fileID: 0}
    - target: {fileID: 6312652399773581572, guid: f494d356ec128944c96269f6338f7069, type: 3}
      propertyPath: m_LocalRotation.x
      value: 0
      objectReference: {fileID: 0}
    - target: {fileID: 6312652399773581572, guid: f494d356ec128944c96269f6338f7069, type: 3}
      propertyPath: m_LocalRotation.y
      value: 0.7071068
      objectReference: {fileID: 0}
    - target: {fileID: 6312652399773581572, guid: f494d356ec128944c96269f6338f7069, type: 3}
      propertyPath: m_LocalRotation.z
      value: 0
      objectReference: {fileID: 0}
    - target: {fileID: 6312652399773581572, guid: f494d356ec128944c96269f6338f7069, type: 3}
      propertyPath: m_LocalRotation.w
      value: 0.7071068
      objectReference: {fileID: 0}
    - target: {fileID: 6312652399773581572, guid: f494d356ec128944c96269f6338f7069, type: 3}
      propertyPath: m_RootOrder
      value: 1
      objectReference: {fileID: 0}
    - target: {fileID: 6312652399773581572, guid: f494d356ec128944c96269f6338f7069, type: 3}
      propertyPath: m_LocalEulerAnglesHint.x
      value: 0
      objectReference: {fileID: 0}
    - target: {fileID: 6312652399773581572, guid: f494d356ec128944c96269f6338f7069, type: 3}
      propertyPath: m_LocalEulerAnglesHint.y
      value: 90
      objectReference: {fileID: 0}
    - target: {fileID: 6312652399773581572, guid: f494d356ec128944c96269f6338f7069, type: 3}
      propertyPath: m_LocalEulerAnglesHint.z
      value: 0
      objectReference: {fileID: 0}
    - target: {fileID: 6312652399773581573, guid: f494d356ec128944c96269f6338f7069, type: 3}
      propertyPath: m_Name
      value: ExitWarp 001 Prefab
      objectReference: {fileID: 0}
    m_RemovedComponents: []
  m_SourcePrefab: {fileID: 100100000, guid: f494d356ec128944c96269f6338f7069, type: 3}
--- !u!4 &1938486575095202886 stripped
Transform:
  m_CorrespondingSourceObject: {fileID: 6312652399773581572, guid: f494d356ec128944c96269f6338f7069, type: 3}
  m_PrefabInstance: {fileID: 5583874945310278978}
  m_PrefabAsset: {fileID: 0}
--- !u!1001 &5658161513788525166
PrefabInstance:
  m_ObjectHideFlags: 0
  serializedVersion: 2
  m_Modification:
    m_TransformParent: {fileID: 7689467542123543084}
    m_Modifications:
    - target: {fileID: 7791362414938976276, guid: 051a17ae738dd9844b1e2defaa8e2b43, type: 3}
      propertyPath: m_Name
      value: WallM 001 Prefab (5)
      objectReference: {fileID: 0}
    - target: {fileID: 7791362414938976277, guid: 051a17ae738dd9844b1e2defaa8e2b43, type: 3}
      propertyPath: m_LocalPosition.x
      value: -3
      objectReference: {fileID: 0}
    - target: {fileID: 7791362414938976277, guid: 051a17ae738dd9844b1e2defaa8e2b43, type: 3}
      propertyPath: m_LocalPosition.y
      value: 0
      objectReference: {fileID: 0}
    - target: {fileID: 7791362414938976277, guid: 051a17ae738dd9844b1e2defaa8e2b43, type: 3}
      propertyPath: m_LocalPosition.z
      value: 4
      objectReference: {fileID: 0}
    - target: {fileID: 7791362414938976277, guid: 051a17ae738dd9844b1e2defaa8e2b43, type: 3}
      propertyPath: m_LocalRotation.x
      value: -0
      objectReference: {fileID: 0}
    - target: {fileID: 7791362414938976277, guid: 051a17ae738dd9844b1e2defaa8e2b43, type: 3}
      propertyPath: m_LocalRotation.y
      value: -0.7071068
      objectReference: {fileID: 0}
    - target: {fileID: 7791362414938976277, guid: 051a17ae738dd9844b1e2defaa8e2b43, type: 3}
      propertyPath: m_LocalRotation.z
      value: -0
      objectReference: {fileID: 0}
    - target: {fileID: 7791362414938976277, guid: 051a17ae738dd9844b1e2defaa8e2b43, type: 3}
      propertyPath: m_LocalRotation.w
      value: 0.7071068
      objectReference: {fileID: 0}
    - target: {fileID: 7791362414938976277, guid: 051a17ae738dd9844b1e2defaa8e2b43, type: 3}
      propertyPath: m_RootOrder
      value: 11
      objectReference: {fileID: 0}
    - target: {fileID: 7791362414938976277, guid: 051a17ae738dd9844b1e2defaa8e2b43, type: 3}
      propertyPath: m_LocalEulerAnglesHint.x
      value: 0
      objectReference: {fileID: 0}
    - target: {fileID: 7791362414938976277, guid: 051a17ae738dd9844b1e2defaa8e2b43, type: 3}
      propertyPath: m_LocalEulerAnglesHint.y
      value: -90
      objectReference: {fileID: 0}
    - target: {fileID: 7791362414938976277, guid: 051a17ae738dd9844b1e2defaa8e2b43, type: 3}
      propertyPath: m_LocalEulerAnglesHint.z
      value: 0
      objectReference: {fileID: 0}
    m_RemovedComponents: []
  m_SourcePrefab: {fileID: 100100000, guid: 051a17ae738dd9844b1e2defaa8e2b43, type: 3}
--- !u!4 &2496587648540523131 stripped
Transform:
  m_CorrespondingSourceObject: {fileID: 7791362414938976277, guid: 051a17ae738dd9844b1e2defaa8e2b43, type: 3}
  m_PrefabInstance: {fileID: 5658161513788525166}
  m_PrefabAsset: {fileID: 0}
--- !u!1001 &5964595466989546984
PrefabInstance:
  m_ObjectHideFlags: 0
  serializedVersion: 2
  m_Modification:
    m_TransformParent: {fileID: 8319352284581868808}
    m_Modifications:
    - target: {fileID: 1951956021364941552, guid: 99d30d1bd00192b418a6ac55b0913cf2, type: 3}
      propertyPath: m_LocalPosition.x
      value: -3
      objectReference: {fileID: 0}
    - target: {fileID: 1951956021364941552, guid: 99d30d1bd00192b418a6ac55b0913cf2, type: 3}
      propertyPath: m_LocalPosition.y
      value: 0
      objectReference: {fileID: 0}
    - target: {fileID: 1951956021364941552, guid: 99d30d1bd00192b418a6ac55b0913cf2, type: 3}
      propertyPath: m_LocalPosition.z
      value: 2
      objectReference: {fileID: 0}
    - target: {fileID: 1951956021364941552, guid: 99d30d1bd00192b418a6ac55b0913cf2, type: 3}
      propertyPath: m_LocalRotation.x
      value: -0
      objectReference: {fileID: 0}
    - target: {fileID: 1951956021364941552, guid: 99d30d1bd00192b418a6ac55b0913cf2, type: 3}
      propertyPath: m_LocalRotation.y
      value: -0
      objectReference: {fileID: 0}
    - target: {fileID: 1951956021364941552, guid: 99d30d1bd00192b418a6ac55b0913cf2, type: 3}
      propertyPath: m_LocalRotation.z
      value: -0
      objectReference: {fileID: 0}
    - target: {fileID: 1951956021364941552, guid: 99d30d1bd00192b418a6ac55b0913cf2, type: 3}
      propertyPath: m_LocalRotation.w
      value: 1
      objectReference: {fileID: 0}
    - target: {fileID: 1951956021364941552, guid: 99d30d1bd00192b418a6ac55b0913cf2, type: 3}
      propertyPath: m_RootOrder
      value: 0
      objectReference: {fileID: 0}
    - target: {fileID: 1951956021364941552, guid: 99d30d1bd00192b418a6ac55b0913cf2, type: 3}
      propertyPath: m_LocalEulerAnglesHint.x
      value: 0
      objectReference: {fileID: 0}
    - target: {fileID: 1951956021364941552, guid: 99d30d1bd00192b418a6ac55b0913cf2, type: 3}
      propertyPath: m_LocalEulerAnglesHint.y
      value: 0
      objectReference: {fileID: 0}
    - target: {fileID: 1951956021364941552, guid: 99d30d1bd00192b418a6ac55b0913cf2, type: 3}
      propertyPath: m_LocalEulerAnglesHint.z
      value: 0
      objectReference: {fileID: 0}
    - target: {fileID: 8404492622304930987, guid: 99d30d1bd00192b418a6ac55b0913cf2, type: 3}
      propertyPath: m_Name
      value: InnerWallLowS 001 Prefab (4)
      objectReference: {fileID: 0}
    m_RemovedComponents: []
  m_SourcePrefab: {fileID: 100100000, guid: 99d30d1bd00192b418a6ac55b0913cf2, type: 3}
--- !u!4 &5318964814690995992 stripped
Transform:
  m_CorrespondingSourceObject: {fileID: 1951956021364941552, guid: 99d30d1bd00192b418a6ac55b0913cf2, type: 3}
  m_PrefabInstance: {fileID: 5964595466989546984}
  m_PrefabAsset: {fileID: 0}
--- !u!1001 &6553712668171737193
PrefabInstance:
  m_ObjectHideFlags: 0
  serializedVersion: 2
  m_Modification:
    m_TransformParent: {fileID: 7689467542123543084}
    m_Modifications:
    - target: {fileID: 5039005815423193056, guid: 54045c6ac3c8f8944824e641affe4dc0, type: 3}
      propertyPath: m_Name
      value: CornerOut 001 Prefab (3)
      objectReference: {fileID: 0}
    - target: {fileID: 7338277570128401368, guid: 54045c6ac3c8f8944824e641affe4dc0, type: 3}
      propertyPath: m_LocalPosition.x
      value: 9
      objectReference: {fileID: 0}
    - target: {fileID: 7338277570128401368, guid: 54045c6ac3c8f8944824e641affe4dc0, type: 3}
      propertyPath: m_LocalPosition.y
      value: 0
      objectReference: {fileID: 0}
    - target: {fileID: 7338277570128401368, guid: 54045c6ac3c8f8944824e641affe4dc0, type: 3}
      propertyPath: m_LocalPosition.z
      value: 4
      objectReference: {fileID: 0}
    - target: {fileID: 7338277570128401368, guid: 54045c6ac3c8f8944824e641affe4dc0, type: 3}
      propertyPath: m_LocalRotation.x
      value: -0
      objectReference: {fileID: 0}
    - target: {fileID: 7338277570128401368, guid: 54045c6ac3c8f8944824e641affe4dc0, type: 3}
      propertyPath: m_LocalRotation.y
      value: 0.7071099
      objectReference: {fileID: 0}
    - target: {fileID: 7338277570128401368, guid: 54045c6ac3c8f8944824e641affe4dc0, type: 3}
      propertyPath: m_LocalRotation.z
      value: -0
      objectReference: {fileID: 0}
    - target: {fileID: 7338277570128401368, guid: 54045c6ac3c8f8944824e641affe4dc0, type: 3}
      propertyPath: m_LocalRotation.w
      value: -0.7071037
      objectReference: {fileID: 0}
    - target: {fileID: 7338277570128401368, guid: 54045c6ac3c8f8944824e641affe4dc0, type: 3}
      propertyPath: m_RootOrder
      value: 3
      objectReference: {fileID: 0}
    - target: {fileID: 7338277570128401368, guid: 54045c6ac3c8f8944824e641affe4dc0, type: 3}
      propertyPath: m_LocalEulerAnglesHint.x
      value: 0
      objectReference: {fileID: 0}
    - target: {fileID: 7338277570128401368, guid: 54045c6ac3c8f8944824e641affe4dc0, type: 3}
      propertyPath: m_LocalEulerAnglesHint.y
      value: 269.999
      objectReference: {fileID: 0}
    - target: {fileID: 7338277570128401368, guid: 54045c6ac3c8f8944824e641affe4dc0, type: 3}
      propertyPath: m_LocalEulerAnglesHint.z
      value: 0
      objectReference: {fileID: 0}
    m_RemovedComponents: []
  m_SourcePrefab: {fileID: 100100000, guid: 54045c6ac3c8f8944824e641affe4dc0, type: 3}
--- !u!4 &4550247933645343665 stripped
Transform:
  m_CorrespondingSourceObject: {fileID: 7338277570128401368, guid: 54045c6ac3c8f8944824e641affe4dc0, type: 3}
  m_PrefabInstance: {fileID: 6553712668171737193}
  m_PrefabAsset: {fileID: 0}
--- !u!1001 &6680838882265923990
PrefabInstance:
  m_ObjectHideFlags: 0
  serializedVersion: 2
  m_Modification:
    m_TransformParent: {fileID: 8319352284581868808}
    m_Modifications:
    - target: {fileID: 6989137476528333120, guid: 26f05b8b5360ec44bb8fcda821e14e4c, type: 3}
      propertyPath: m_LocalPosition.x
      value: -9
      objectReference: {fileID: 0}
    - target: {fileID: 6989137476528333120, guid: 26f05b8b5360ec44bb8fcda821e14e4c, type: 3}
      propertyPath: m_LocalPosition.y
      value: 0
      objectReference: {fileID: 0}
    - target: {fileID: 6989137476528333120, guid: 26f05b8b5360ec44bb8fcda821e14e4c, type: 3}
      propertyPath: m_LocalPosition.z
      value: 1
      objectReference: {fileID: 0}
    - target: {fileID: 6989137476528333120, guid: 26f05b8b5360ec44bb8fcda821e14e4c, type: 3}
      propertyPath: m_LocalRotation.x
      value: -0
      objectReference: {fileID: 0}
    - target: {fileID: 6989137476528333120, guid: 26f05b8b5360ec44bb8fcda821e14e4c, type: 3}
      propertyPath: m_LocalRotation.y
      value: -0
      objectReference: {fileID: 0}
    - target: {fileID: 6989137476528333120, guid: 26f05b8b5360ec44bb8fcda821e14e4c, type: 3}
      propertyPath: m_LocalRotation.z
      value: -0
      objectReference: {fileID: 0}
    - target: {fileID: 6989137476528333120, guid: 26f05b8b5360ec44bb8fcda821e14e4c, type: 3}
      propertyPath: m_LocalRotation.w
      value: 1
      objectReference: {fileID: 0}
    - target: {fileID: 6989137476528333120, guid: 26f05b8b5360ec44bb8fcda821e14e4c, type: 3}
      propertyPath: m_RootOrder
      value: 12
      objectReference: {fileID: 0}
    - target: {fileID: 6989137476528333120, guid: 26f05b8b5360ec44bb8fcda821e14e4c, type: 3}
      propertyPath: m_LocalEulerAnglesHint.x
      value: 0
      objectReference: {fileID: 0}
    - target: {fileID: 6989137476528333120, guid: 26f05b8b5360ec44bb8fcda821e14e4c, type: 3}
      propertyPath: m_LocalEulerAnglesHint.y
      value: 0
      objectReference: {fileID: 0}
    - target: {fileID: 6989137476528333120, guid: 26f05b8b5360ec44bb8fcda821e14e4c, type: 3}
      propertyPath: m_LocalEulerAnglesHint.z
      value: 0
      objectReference: {fileID: 0}
    - target: {fileID: 8541550531009497077, guid: 26f05b8b5360ec44bb8fcda821e14e4c, type: 3}
      propertyPath: m_Name
      value: InnerWallLowM 001 Prefab (10)
      objectReference: {fileID: 0}
    m_RemovedComponents: []
  m_SourcePrefab: {fileID: 100100000, guid: 26f05b8b5360ec44bb8fcda821e14e4c, type: 3}
--- !u!4 &4344139724370436310 stripped
Transform:
  m_CorrespondingSourceObject: {fileID: 6989137476528333120, guid: 26f05b8b5360ec44bb8fcda821e14e4c, type: 3}
  m_PrefabInstance: {fileID: 6680838882265923990}
  m_PrefabAsset: {fileID: 0}
--- !u!1001 &7885087784030058637
PrefabInstance:
  m_ObjectHideFlags: 0
  serializedVersion: 2
  m_Modification:
    m_TransformParent: {fileID: 8319352284581868808}
    m_Modifications:
    - target: {fileID: 6989137476528333120, guid: 26f05b8b5360ec44bb8fcda821e14e4c, type: 3}
      propertyPath: m_LocalPosition.x
      value: -7
      objectReference: {fileID: 0}
    - target: {fileID: 6989137476528333120, guid: 26f05b8b5360ec44bb8fcda821e14e4c, type: 3}
      propertyPath: m_LocalPosition.y
      value: 0
      objectReference: {fileID: 0}
    - target: {fileID: 6989137476528333120, guid: 26f05b8b5360ec44bb8fcda821e14e4c, type: 3}
      propertyPath: m_LocalPosition.z
      value: 8
      objectReference: {fileID: 0}
    - target: {fileID: 6989137476528333120, guid: 26f05b8b5360ec44bb8fcda821e14e4c, type: 3}
      propertyPath: m_LocalRotation.x
      value: -0
      objectReference: {fileID: 0}
    - target: {fileID: 6989137476528333120, guid: 26f05b8b5360ec44bb8fcda821e14e4c, type: 3}
      propertyPath: m_LocalRotation.y
      value: 0.7071068
      objectReference: {fileID: 0}
    - target: {fileID: 6989137476528333120, guid: 26f05b8b5360ec44bb8fcda821e14e4c, type: 3}
      propertyPath: m_LocalRotation.z
      value: -0
      objectReference: {fileID: 0}
    - target: {fileID: 6989137476528333120, guid: 26f05b8b5360ec44bb8fcda821e14e4c, type: 3}
      propertyPath: m_LocalRotation.w
      value: 0.7071068
      objectReference: {fileID: 0}
    - target: {fileID: 6989137476528333120, guid: 26f05b8b5360ec44bb8fcda821e14e4c, type: 3}
      propertyPath: m_RootOrder
      value: 5
      objectReference: {fileID: 0}
    - target: {fileID: 6989137476528333120, guid: 26f05b8b5360ec44bb8fcda821e14e4c, type: 3}
      propertyPath: m_LocalEulerAnglesHint.x
      value: 0
      objectReference: {fileID: 0}
    - target: {fileID: 6989137476528333120, guid: 26f05b8b5360ec44bb8fcda821e14e4c, type: 3}
      propertyPath: m_LocalEulerAnglesHint.y
      value: 90
      objectReference: {fileID: 0}
    - target: {fileID: 6989137476528333120, guid: 26f05b8b5360ec44bb8fcda821e14e4c, type: 3}
      propertyPath: m_LocalEulerAnglesHint.z
      value: 0
      objectReference: {fileID: 0}
    - target: {fileID: 8541550531009497077, guid: 26f05b8b5360ec44bb8fcda821e14e4c, type: 3}
      propertyPath: m_Name
      value: InnerWallLowM 001 Prefab (3)
      objectReference: {fileID: 0}
    m_RemovedComponents: []
  m_SourcePrefab: {fileID: 100100000, guid: 26f05b8b5360ec44bb8fcda821e14e4c, type: 3}
--- !u!4 &978145409286625741 stripped
Transform:
  m_CorrespondingSourceObject: {fileID: 6989137476528333120, guid: 26f05b8b5360ec44bb8fcda821e14e4c, type: 3}
  m_PrefabInstance: {fileID: 7885087784030058637}
  m_PrefabAsset: {fileID: 0}
--- !u!1001 &8267816884597666808
PrefabInstance:
  m_ObjectHideFlags: 0
  serializedVersion: 2
  m_Modification:
    m_TransformParent: {fileID: 7689467542123543084}
    m_Modifications:
    - target: {fileID: 7791362414938976276, guid: 051a17ae738dd9844b1e2defaa8e2b43, type: 3}
      propertyPath: m_Name
      value: WallM 001 Prefab (2)
      objectReference: {fileID: 0}
    - target: {fileID: 7791362414938976277, guid: 051a17ae738dd9844b1e2defaa8e2b43, type: 3}
      propertyPath: m_LocalPosition.x
      value: 4
      objectReference: {fileID: 0}
    - target: {fileID: 7791362414938976277, guid: 051a17ae738dd9844b1e2defaa8e2b43, type: 3}
      propertyPath: m_LocalPosition.y
      value: 0
      objectReference: {fileID: 0}
    - target: {fileID: 7791362414938976277, guid: 051a17ae738dd9844b1e2defaa8e2b43, type: 3}
      propertyPath: m_LocalPosition.z
      value: -3
      objectReference: {fileID: 0}
    - target: {fileID: 7791362414938976277, guid: 051a17ae738dd9844b1e2defaa8e2b43, type: 3}
      propertyPath: m_LocalRotation.x
      value: -0
      objectReference: {fileID: 0}
    - target: {fileID: 7791362414938976277, guid: 051a17ae738dd9844b1e2defaa8e2b43, type: 3}
      propertyPath: m_LocalRotation.y
      value: 0.7071068
      objectReference: {fileID: 0}
    - target: {fileID: 7791362414938976277, guid: 051a17ae738dd9844b1e2defaa8e2b43, type: 3}
      propertyPath: m_LocalRotation.z
      value: -0
      objectReference: {fileID: 0}
    - target: {fileID: 7791362414938976277, guid: 051a17ae738dd9844b1e2defaa8e2b43, type: 3}
      propertyPath: m_LocalRotation.w
      value: 0.7071068
      objectReference: {fileID: 0}
    - target: {fileID: 7791362414938976277, guid: 051a17ae738dd9844b1e2defaa8e2b43, type: 3}
      propertyPath: m_RootOrder
      value: 8
      objectReference: {fileID: 0}
    - target: {fileID: 7791362414938976277, guid: 051a17ae738dd9844b1e2defaa8e2b43, type: 3}
      propertyPath: m_LocalEulerAnglesHint.x
      value: 0
      objectReference: {fileID: 0}
    - target: {fileID: 7791362414938976277, guid: 051a17ae738dd9844b1e2defaa8e2b43, type: 3}
      propertyPath: m_LocalEulerAnglesHint.y
      value: 90
      objectReference: {fileID: 0}
    - target: {fileID: 7791362414938976277, guid: 051a17ae738dd9844b1e2defaa8e2b43, type: 3}
      propertyPath: m_LocalEulerAnglesHint.z
      value: 0
      objectReference: {fileID: 0}
    m_RemovedComponents: []
  m_SourcePrefab: {fileID: 100100000, guid: 051a17ae738dd9844b1e2defaa8e2b43, type: 3}
--- !u!4 &2206013335641506797 stripped
Transform:
  m_CorrespondingSourceObject: {fileID: 7791362414938976277, guid: 051a17ae738dd9844b1e2defaa8e2b43, type: 3}
  m_PrefabInstance: {fileID: 8267816884597666808}
  m_PrefabAsset: {fileID: 0}
--- !u!1001 &8293504341860033673
PrefabInstance:
  m_ObjectHideFlags: 0
  serializedVersion: 2
  m_Modification:
    m_TransformParent: {fileID: 8319352284581868808}
    m_Modifications:
    - target: {fileID: 6989137476528333120, guid: 26f05b8b5360ec44bb8fcda821e14e4c, type: 3}
      propertyPath: m_LocalPosition.x
      value: -5
      objectReference: {fileID: 0}
    - target: {fileID: 6989137476528333120, guid: 26f05b8b5360ec44bb8fcda821e14e4c, type: 3}
      propertyPath: m_LocalPosition.y
      value: 0
      objectReference: {fileID: 0}
    - target: {fileID: 6989137476528333120, guid: 26f05b8b5360ec44bb8fcda821e14e4c, type: 3}
      propertyPath: m_LocalPosition.z
      value: 2
      objectReference: {fileID: 0}
    - target: {fileID: 6989137476528333120, guid: 26f05b8b5360ec44bb8fcda821e14e4c, type: 3}
      propertyPath: m_LocalRotation.x
      value: -0
      objectReference: {fileID: 0}
    - target: {fileID: 6989137476528333120, guid: 26f05b8b5360ec44bb8fcda821e14e4c, type: 3}
      propertyPath: m_LocalRotation.y
      value: 0.7071068
      objectReference: {fileID: 0}
    - target: {fileID: 6989137476528333120, guid: 26f05b8b5360ec44bb8fcda821e14e4c, type: 3}
      propertyPath: m_LocalRotation.z
      value: -0
      objectReference: {fileID: 0}
    - target: {fileID: 6989137476528333120, guid: 26f05b8b5360ec44bb8fcda821e14e4c, type: 3}
      propertyPath: m_LocalRotation.w
      value: 0.7071068
      objectReference: {fileID: 0}
    - target: {fileID: 6989137476528333120, guid: 26f05b8b5360ec44bb8fcda821e14e4c, type: 3}
      propertyPath: m_RootOrder
      value: 8
      objectReference: {fileID: 0}
    - target: {fileID: 6989137476528333120, guid: 26f05b8b5360ec44bb8fcda821e14e4c, type: 3}
      propertyPath: m_LocalEulerAnglesHint.x
      value: 0
      objectReference: {fileID: 0}
    - target: {fileID: 6989137476528333120, guid: 26f05b8b5360ec44bb8fcda821e14e4c, type: 3}
      propertyPath: m_LocalEulerAnglesHint.y
      value: 90
      objectReference: {fileID: 0}
    - target: {fileID: 6989137476528333120, guid: 26f05b8b5360ec44bb8fcda821e14e4c, type: 3}
      propertyPath: m_LocalEulerAnglesHint.z
      value: 0
      objectReference: {fileID: 0}
    - target: {fileID: 8541550531009497077, guid: 26f05b8b5360ec44bb8fcda821e14e4c, type: 3}
      propertyPath: m_Name
      value: InnerWallLowM 001 Prefab (6)
      objectReference: {fileID: 0}
    m_RemovedComponents: []
  m_SourcePrefab: {fileID: 100100000, guid: 26f05b8b5360ec44bb8fcda821e14e4c, type: 3}
--- !u!4 &1433857459456132553 stripped
Transform:
  m_CorrespondingSourceObject: {fileID: 6989137476528333120, guid: 26f05b8b5360ec44bb8fcda821e14e4c, type: 3}
  m_PrefabInstance: {fileID: 8293504341860033673}
  m_PrefabAsset: {fileID: 0}
--- !u!1001 &8823727253290075716
PrefabInstance:
  m_ObjectHideFlags: 0
  serializedVersion: 2
  m_Modification:
    m_TransformParent: {fileID: 2625647670132316620}
    m_Modifications:
    - target: {fileID: 4247419262922338402, guid: 316f2bb715eeabf4cb24d640b2672ad2, type: 3}
      propertyPath: m_Name
      value: CanonBlockPrefab
      objectReference: {fileID: 0}
    - target: {fileID: 4517547761585854208, guid: 316f2bb715eeabf4cb24d640b2672ad2, type: 3}
      propertyPath: _fireRate
      value: 6
      objectReference: {fileID: 0}
    - target: {fileID: 6316190806311466482, guid: 316f2bb715eeabf4cb24d640b2672ad2, type: 3}
      propertyPath: m_LocalPosition.x
      value: -9
      objectReference: {fileID: 0}
    - target: {fileID: 6316190806311466482, guid: 316f2bb715eeabf4cb24d640b2672ad2, type: 3}
      propertyPath: m_LocalPosition.y
      value: 0
      objectReference: {fileID: 0}
    - target: {fileID: 6316190806311466482, guid: 316f2bb715eeabf4cb24d640b2672ad2, type: 3}
      propertyPath: m_LocalPosition.z
      value: 0
      objectReference: {fileID: 0}
    - target: {fileID: 6316190806311466482, guid: 316f2bb715eeabf4cb24d640b2672ad2, type: 3}
      propertyPath: m_LocalRotation.x
      value: 0
      objectReference: {fileID: 0}
    - target: {fileID: 6316190806311466482, guid: 316f2bb715eeabf4cb24d640b2672ad2, type: 3}
      propertyPath: m_LocalRotation.y
      value: 0.7071068
      objectReference: {fileID: 0}
    - target: {fileID: 6316190806311466482, guid: 316f2bb715eeabf4cb24d640b2672ad2, type: 3}
      propertyPath: m_LocalRotation.z
      value: 0
      objectReference: {fileID: 0}
    - target: {fileID: 6316190806311466482, guid: 316f2bb715eeabf4cb24d640b2672ad2, type: 3}
      propertyPath: m_LocalRotation.w
      value: 0.7071068
      objectReference: {fileID: 0}
    - target: {fileID: 6316190806311466482, guid: 316f2bb715eeabf4cb24d640b2672ad2, type: 3}
      propertyPath: m_RootOrder
      value: 2
      objectReference: {fileID: 0}
    - target: {fileID: 6316190806311466482, guid: 316f2bb715eeabf4cb24d640b2672ad2, type: 3}
      propertyPath: m_LocalEulerAnglesHint.x
      value: 0
      objectReference: {fileID: 0}
    - target: {fileID: 6316190806311466482, guid: 316f2bb715eeabf4cb24d640b2672ad2, type: 3}
      propertyPath: m_LocalEulerAnglesHint.y
      value: 90
      objectReference: {fileID: 0}
    - target: {fileID: 6316190806311466482, guid: 316f2bb715eeabf4cb24d640b2672ad2, type: 3}
      propertyPath: m_LocalEulerAnglesHint.z
      value: 0
      objectReference: {fileID: 0}
    m_RemovedComponents: []
  m_SourcePrefab: {fileID: 100100000, guid: 316f2bb715eeabf4cb24d640b2672ad2, type: 3}
--- !u!4 &3302180026644018102 stripped
Transform:
  m_CorrespondingSourceObject: {fileID: 6316190806311466482, guid: 316f2bb715eeabf4cb24d640b2672ad2, type: 3}
  m_PrefabInstance: {fileID: 8823727253290075716}
  m_PrefabAsset: {fileID: 0}
--- !u!1001 &8861287159761290330
PrefabInstance:
  m_ObjectHideFlags: 0
  serializedVersion: 2
  m_Modification:
    m_TransformParent: {fileID: 7689467542123543084}
    m_Modifications:
    - target: {fileID: 8081827221178262197, guid: 41e270837f5f7d244aeadc959241e4bb, type: 3}
      propertyPath: m_LocalPosition.x
      value: -4
      objectReference: {fileID: 0}
    - target: {fileID: 8081827221178262197, guid: 41e270837f5f7d244aeadc959241e4bb, type: 3}
      propertyPath: m_LocalPosition.y
      value: 0
      objectReference: {fileID: 0}
    - target: {fileID: 8081827221178262197, guid: 41e270837f5f7d244aeadc959241e4bb, type: 3}
      propertyPath: m_LocalPosition.z
      value: 0
      objectReference: {fileID: 0}
    - target: {fileID: 8081827221178262197, guid: 41e270837f5f7d244aeadc959241e4bb, type: 3}
      propertyPath: m_LocalRotation.x
      value: -0
      objectReference: {fileID: 0}
    - target: {fileID: 8081827221178262197, guid: 41e270837f5f7d244aeadc959241e4bb, type: 3}
      propertyPath: m_LocalRotation.y
      value: -0
      objectReference: {fileID: 0}
    - target: {fileID: 8081827221178262197, guid: 41e270837f5f7d244aeadc959241e4bb, type: 3}
      propertyPath: m_LocalRotation.z
      value: -0
      objectReference: {fileID: 0}
    - target: {fileID: 8081827221178262197, guid: 41e270837f5f7d244aeadc959241e4bb, type: 3}
      propertyPath: m_LocalRotation.w
      value: 1
      objectReference: {fileID: 0}
    - target: {fileID: 8081827221178262197, guid: 41e270837f5f7d244aeadc959241e4bb, type: 3}
      propertyPath: m_RootOrder
      value: 4
      objectReference: {fileID: 0}
    - target: {fileID: 8081827221178262197, guid: 41e270837f5f7d244aeadc959241e4bb, type: 3}
      propertyPath: m_LocalEulerAnglesHint.x
      value: 0
      objectReference: {fileID: 0}
    - target: {fileID: 8081827221178262197, guid: 41e270837f5f7d244aeadc959241e4bb, type: 3}
      propertyPath: m_LocalEulerAnglesHint.y
      value: 0
      objectReference: {fileID: 0}
    - target: {fileID: 8081827221178262197, guid: 41e270837f5f7d244aeadc959241e4bb, type: 3}
      propertyPath: m_LocalEulerAnglesHint.z
      value: 0
      objectReference: {fileID: 0}
    - target: {fileID: 8081827221178262202, guid: 41e270837f5f7d244aeadc959241e4bb, type: 3}
      propertyPath: m_Name
      value: GroundM 001 Prefab
      objectReference: {fileID: 0}
    m_RemovedComponents: []
  m_SourcePrefab: {fileID: 100100000, guid: 41e270837f5f7d244aeadc959241e4bb, type: 3}
--- !u!4 &779675449711453935 stripped
Transform:
  m_CorrespondingSourceObject: {fileID: 8081827221178262197, guid: 41e270837f5f7d244aeadc959241e4bb, type: 3}
  m_PrefabInstance: {fileID: 8861287159761290330}
  m_PrefabAsset: {fileID: 0}
--- !u!1001 &9037339006882217887
PrefabInstance:
  m_ObjectHideFlags: 0
  serializedVersion: 2
  m_Modification:
    m_TransformParent: {fileID: 2625647670132316620}
    m_Modifications:
    - target: {fileID: 4303279276758484269, guid: a02ecf7bf6989d84e958dbc0ec3984b3, type: 3}
      propertyPath: m_Name
      value: AmbientAudioSourcePrefab
      objectReference: {fileID: 0}
    - target: {fileID: 6335696517897607489, guid: a02ecf7bf6989d84e958dbc0ec3984b3, type: 3}
      propertyPath: m_LocalPosition.x
      value: 0
      objectReference: {fileID: 0}
    - target: {fileID: 6335696517897607489, guid: a02ecf7bf6989d84e958dbc0ec3984b3, type: 3}
      propertyPath: m_LocalPosition.y
      value: 0
      objectReference: {fileID: 0}
    - target: {fileID: 6335696517897607489, guid: a02ecf7bf6989d84e958dbc0ec3984b3, type: 3}
      propertyPath: m_LocalPosition.z
      value: 0
      objectReference: {fileID: 0}
    - target: {fileID: 6335696517897607489, guid: a02ecf7bf6989d84e958dbc0ec3984b3, type: 3}
      propertyPath: m_LocalRotation.x
      value: -0
      objectReference: {fileID: 0}
    - target: {fileID: 6335696517897607489, guid: a02ecf7bf6989d84e958dbc0ec3984b3, type: 3}
      propertyPath: m_LocalRotation.y
      value: -0
      objectReference: {fileID: 0}
    - target: {fileID: 6335696517897607489, guid: a02ecf7bf6989d84e958dbc0ec3984b3, type: 3}
      propertyPath: m_LocalRotation.z
      value: -0
      objectReference: {fileID: 0}
    - target: {fileID: 6335696517897607489, guid: a02ecf7bf6989d84e958dbc0ec3984b3, type: 3}
      propertyPath: m_LocalRotation.w
      value: 1
      objectReference: {fileID: 0}
    - target: {fileID: 6335696517897607489, guid: a02ecf7bf6989d84e958dbc0ec3984b3, type: 3}
      propertyPath: m_RootOrder
      value: 7
      objectReference: {fileID: 0}
    - target: {fileID: 6335696517897607489, guid: a02ecf7bf6989d84e958dbc0ec3984b3, type: 3}
      propertyPath: m_LocalEulerAnglesHint.x
      value: 0
      objectReference: {fileID: 0}
    - target: {fileID: 6335696517897607489, guid: a02ecf7bf6989d84e958dbc0ec3984b3, type: 3}
      propertyPath: m_LocalEulerAnglesHint.y
      value: 0
      objectReference: {fileID: 0}
    - target: {fileID: 6335696517897607489, guid: a02ecf7bf6989d84e958dbc0ec3984b3, type: 3}
      propertyPath: m_LocalEulerAnglesHint.z
      value: 0
      objectReference: {fileID: 0}
    m_RemovedComponents: []
  m_SourcePrefab: {fileID: 100100000, guid: a02ecf7bf6989d84e958dbc0ec3984b3, type: 3}
--- !u!4 &3064692518282700510 stripped
Transform:
  m_CorrespondingSourceObject: {fileID: 6335696517897607489, guid: a02ecf7bf6989d84e958dbc0ec3984b3, type: 3}
  m_PrefabInstance: {fileID: 9037339006882217887}
  m_PrefabAsset: {fileID: 0}
