%YAML 1.1
%TAG !u! tag:unity3d.com,2011:
--- !u!1 &2625647670132316623
GameObject:
  m_ObjectHideFlags: 0
  m_CorrespondingSourceObject: {fileID: 0}
  m_PrefabInstance: {fileID: 0}
  m_PrefabAsset: {fileID: 0}
  serializedVersion: 6
  m_Component:
  - component: {fileID: 2625647670132316620}
  - component: {fileID: 5195940953862903735}
  m_Layer: 0
  m_Name: TestLevel [10]
  m_TagString: Untagged
  m_Icon: {fileID: 0}
  m_NavMeshLayer: 0
  m_StaticEditorFlags: 0
  m_IsActive: 1
--- !u!4 &2625647670132316620
Transform:
  m_ObjectHideFlags: 0
  m_CorrespondingSourceObject: {fileID: 0}
  m_PrefabInstance: {fileID: 0}
  m_PrefabAsset: {fileID: 0}
  m_GameObject: {fileID: 2625647670132316623}
  m_LocalRotation: {x: 0, y: 0, z: 0, w: 1}
  m_LocalPosition: {x: 0, y: 0, z: 0}
  m_LocalScale: {x: 1, y: 1, z: 1}
  m_Children:
  - {fileID: 5493511241068279500}
  - {fileID: 3505551434915970952}
  - {fileID: 372907425272873491}
  - {fileID: 8629349432473133148}
  - {fileID: 2975528452548608871}
  - {fileID: 2315029965683784382}
  - {fileID: 3784098169796583345}
  - {fileID: 5408579450174209537}
  - {fileID: 2781363515662168086}
  m_Father: {fileID: 0}
  m_RootOrder: 0
  m_LocalEulerAnglesHint: {x: 0, y: 0, z: 0}
--- !u!114 &5195940953862903735
MonoBehaviour:
  m_ObjectHideFlags: 0
  m_CorrespondingSourceObject: {fileID: 0}
  m_PrefabInstance: {fileID: 0}
  m_PrefabAsset: {fileID: 0}
  m_GameObject: {fileID: 2625647670132316623}
  m_Enabled: 1
  m_EditorHideFlags: 0
  m_Script: {fileID: 11500000, guid: 2483bb475184404f81d9cc4eeea25bb8, type: 3}
  m_Name: 
  m_EditorClassIdentifier: 
  _spawnPosition: {fileID: 5493511241068279500}
--- !u!1 &3360057017634310937
GameObject:
  m_ObjectHideFlags: 0
  m_CorrespondingSourceObject: {fileID: 0}
  m_PrefabInstance: {fileID: 0}
  m_PrefabAsset: {fileID: 0}
  serializedVersion: 6
  m_Component:
  - component: {fileID: 5493511241068279500}
  m_Layer: 0
  m_Name: SpawnPosition
  m_TagString: Untagged
  m_Icon: {fileID: 0}
  m_NavMeshLayer: 0
  m_StaticEditorFlags: 0
  m_IsActive: 1
--- !u!4 &5493511241068279500
Transform:
  m_ObjectHideFlags: 0
  m_CorrespondingSourceObject: {fileID: 0}
  m_PrefabInstance: {fileID: 0}
  m_PrefabAsset: {fileID: 0}
  m_GameObject: {fileID: 3360057017634310937}
  m_LocalRotation: {x: -0, y: -0, z: -0, w: 1}
  m_LocalPosition: {x: 3, y: 0, z: 0}
  m_LocalScale: {x: 1, y: 1, z: 1}
  m_Children: []
  m_Father: {fileID: 2625647670132316620}
  m_RootOrder: 0
  m_LocalEulerAnglesHint: {x: 0, y: 0, z: 0}
--- !u!1 &3905883549511633060
GameObject:
  m_ObjectHideFlags: 0
  m_CorrespondingSourceObject: {fileID: 0}
  m_PrefabInstance: {fileID: 0}
  m_PrefabAsset: {fileID: 0}
  serializedVersion: 6
  m_Component:
  - component: {fileID: 2781363515662168086}
  m_Layer: 0
  m_Name: Decors
  m_TagString: Untagged
  m_Icon: {fileID: 0}
  m_NavMeshLayer: 0
  m_StaticEditorFlags: 0
  m_IsActive: 1
--- !u!4 &2781363515662168086
Transform:
  m_ObjectHideFlags: 0
  m_CorrespondingSourceObject: {fileID: 0}
  m_PrefabInstance: {fileID: 0}
  m_PrefabAsset: {fileID: 0}
  m_GameObject: {fileID: 3905883549511633060}
  m_LocalRotation: {x: 0, y: 0, z: 0, w: 1}
  m_LocalPosition: {x: 0, y: 0, z: 0}
  m_LocalScale: {x: 1, y: 1, z: 1}
  m_Children:
  - {fileID: 1828845030879572430}
  - {fileID: 4526647494328213380}
  - {fileID: 856589738150113738}
  - {fileID: 7335998017245729454}
  - {fileID: 5832531885194767206}
  m_Father: {fileID: 2625647670132316620}
  m_RootOrder: 8
  m_LocalEulerAnglesHint: {x: 0, y: 0, z: 0}
--- !u!1 &4867524075191701452
GameObject:
  m_ObjectHideFlags: 0
  m_CorrespondingSourceObject: {fileID: 0}
  m_PrefabInstance: {fileID: 0}
  m_PrefabAsset: {fileID: 0}
  serializedVersion: 6
  m_Component:
  - component: {fileID: 5408579450174209537}
  m_Layer: 0
  m_Name: Walls
  m_TagString: Untagged
  m_Icon: {fileID: 0}
  m_NavMeshLayer: 0
  m_StaticEditorFlags: 0
  m_IsActive: 1
--- !u!4 &5408579450174209537
Transform:
  m_ObjectHideFlags: 0
  m_CorrespondingSourceObject: {fileID: 0}
  m_PrefabInstance: {fileID: 0}
  m_PrefabAsset: {fileID: 0}
  m_GameObject: {fileID: 4867524075191701452}
  m_LocalRotation: {x: -0, y: -0, z: -0, w: 1}
  m_LocalPosition: {x: 0, y: 0, z: 0}
  m_LocalScale: {x: 1, y: 1, z: 1}
  m_Children:
  - {fileID: 6280976207715203168}
  - {fileID: 8554924530497680684}
  - {fileID: 1644753347846525513}
  - {fileID: 6011238385288295261}
  m_Father: {fileID: 2625647670132316620}
  m_RootOrder: 7
  m_LocalEulerAnglesHint: {x: 0, y: 0, z: 0}
--- !u!1001 &6895886820868470
PrefabInstance:
  m_ObjectHideFlags: 0
  serializedVersion: 2
  m_Modification:
    m_TransformParent: {fileID: 2781363515662168086}
    m_Modifications:
    - target: {fileID: 5039005815423193056, guid: 54045c6ac3c8f8944824e641affe4dc0, type: 3}
      propertyPath: m_Name
      value: CornerOut 001 Prefab (3)
      objectReference: {fileID: 0}
    - target: {fileID: 5039005815423193056, guid: 54045c6ac3c8f8944824e641affe4dc0, type: 3}
      propertyPath: m_IsActive
      value: 1
      objectReference: {fileID: 0}
    - target: {fileID: 7338277570128401368, guid: 54045c6ac3c8f8944824e641affe4dc0, type: 3}
      propertyPath: m_LocalPosition.x
      value: 1
      objectReference: {fileID: 0}
    - target: {fileID: 7338277570128401368, guid: 54045c6ac3c8f8944824e641affe4dc0, type: 3}
      propertyPath: m_LocalPosition.y
      value: 0
      objectReference: {fileID: 0}
    - target: {fileID: 7338277570128401368, guid: 54045c6ac3c8f8944824e641affe4dc0, type: 3}
      propertyPath: m_LocalPosition.z
      value: 5
      objectReference: {fileID: 0}
    - target: {fileID: 7338277570128401368, guid: 54045c6ac3c8f8944824e641affe4dc0, type: 3}
      propertyPath: m_LocalRotation.x
      value: -0
      objectReference: {fileID: 0}
    - target: {fileID: 7338277570128401368, guid: 54045c6ac3c8f8944824e641affe4dc0, type: 3}
      propertyPath: m_LocalRotation.y
      value: -0.7071068
      objectReference: {fileID: 0}
    - target: {fileID: 7338277570128401368, guid: 54045c6ac3c8f8944824e641affe4dc0, type: 3}
      propertyPath: m_LocalRotation.z
      value: -0
      objectReference: {fileID: 0}
    - target: {fileID: 7338277570128401368, guid: 54045c6ac3c8f8944824e641affe4dc0, type: 3}
      propertyPath: m_LocalRotation.w
      value: 0.7071068
      objectReference: {fileID: 0}
    - target: {fileID: 7338277570128401368, guid: 54045c6ac3c8f8944824e641affe4dc0, type: 3}
      propertyPath: m_RootOrder
      value: 3
      objectReference: {fileID: 0}
    - target: {fileID: 7338277570128401368, guid: 54045c6ac3c8f8944824e641affe4dc0, type: 3}
      propertyPath: m_LocalEulerAnglesHint.x
      value: 0
      objectReference: {fileID: 0}
    - target: {fileID: 7338277570128401368, guid: 54045c6ac3c8f8944824e641affe4dc0, type: 3}
      propertyPath: m_LocalEulerAnglesHint.y
      value: -90
      objectReference: {fileID: 0}
    - target: {fileID: 7338277570128401368, guid: 54045c6ac3c8f8944824e641affe4dc0, type: 3}
      propertyPath: m_LocalEulerAnglesHint.z
      value: 0
      objectReference: {fileID: 0}
    m_RemovedComponents: []
  m_SourcePrefab: {fileID: 100100000, guid: 54045c6ac3c8f8944824e641affe4dc0, type: 3}
--- !u!4 &7335998017245729454 stripped
Transform:
  m_CorrespondingSourceObject: {fileID: 7338277570128401368, guid: 54045c6ac3c8f8944824e641affe4dc0, type: 3}
  m_PrefabInstance: {fileID: 6895886820868470}
  m_PrefabAsset: {fileID: 0}
--- !u!1001 &428023847080673717
PrefabInstance:
  m_ObjectHideFlags: 0
  serializedVersion: 2
  m_Modification:
    m_TransformParent: {fileID: 2781363515662168086}
    m_Modifications:
    - target: {fileID: 3868052011290932598, guid: 55311600e734abb4ababa7ea01ea935d, type: 3}
      propertyPath: m_Name
      value: CorridorS 001 Prefab
      objectReference: {fileID: 0}
    - target: {fileID: 3868052011290932598, guid: 55311600e734abb4ababa7ea01ea935d, type: 3}
      propertyPath: m_IsActive
      value: 1
      objectReference: {fileID: 0}
    - target: {fileID: 6125447117995485907, guid: 55311600e734abb4ababa7ea01ea935d, type: 3}
      propertyPath: m_LocalPosition.x
      value: 0
      objectReference: {fileID: 0}
    - target: {fileID: 6125447117995485907, guid: 55311600e734abb4ababa7ea01ea935d, type: 3}
      propertyPath: m_LocalPosition.y
      value: 0
      objectReference: {fileID: 0}
    - target: {fileID: 6125447117995485907, guid: 55311600e734abb4ababa7ea01ea935d, type: 3}
      propertyPath: m_LocalPosition.z
      value: 3
      objectReference: {fileID: 0}
    - target: {fileID: 6125447117995485907, guid: 55311600e734abb4ababa7ea01ea935d, type: 3}
      propertyPath: m_LocalRotation.x
      value: -0
      objectReference: {fileID: 0}
    - target: {fileID: 6125447117995485907, guid: 55311600e734abb4ababa7ea01ea935d, type: 3}
      propertyPath: m_LocalRotation.y
      value: -0
      objectReference: {fileID: 0}
    - target: {fileID: 6125447117995485907, guid: 55311600e734abb4ababa7ea01ea935d, type: 3}
      propertyPath: m_LocalRotation.z
      value: -0
      objectReference: {fileID: 0}
    - target: {fileID: 6125447117995485907, guid: 55311600e734abb4ababa7ea01ea935d, type: 3}
      propertyPath: m_LocalRotation.w
      value: 1
      objectReference: {fileID: 0}
    - target: {fileID: 6125447117995485907, guid: 55311600e734abb4ababa7ea01ea935d, type: 3}
      propertyPath: m_RootOrder
      value: 4
      objectReference: {fileID: 0}
    - target: {fileID: 6125447117995485907, guid: 55311600e734abb4ababa7ea01ea935d, type: 3}
      propertyPath: m_LocalEulerAnglesHint.x
      value: 0
      objectReference: {fileID: 0}
    - target: {fileID: 6125447117995485907, guid: 55311600e734abb4ababa7ea01ea935d, type: 3}
      propertyPath: m_LocalEulerAnglesHint.y
      value: 0
      objectReference: {fileID: 0}
    - target: {fileID: 6125447117995485907, guid: 55311600e734abb4ababa7ea01ea935d, type: 3}
      propertyPath: m_LocalEulerAnglesHint.z
      value: 0
      objectReference: {fileID: 0}
    m_RemovedComponents: []
  m_SourcePrefab: {fileID: 100100000, guid: 55311600e734abb4ababa7ea01ea935d, type: 3}
--- !u!4 &5832531885194767206 stripped
Transform:
  m_CorrespondingSourceObject: {fileID: 6125447117995485907, guid: 55311600e734abb4ababa7ea01ea935d, type: 3}
  m_PrefabInstance: {fileID: 428023847080673717}
  m_PrefabAsset: {fileID: 0}
--- !u!1001 &1605345293186995308
PrefabInstance:
  m_ObjectHideFlags: 0
  serializedVersion: 2
  m_Modification:
    m_TransformParent: {fileID: 5408579450174209537}
    m_Modifications:
    - target: {fileID: 6989137476528333120, guid: 26f05b8b5360ec44bb8fcda821e14e4c, type: 3}
      propertyPath: m_LocalPosition.x
      value: 1
      objectReference: {fileID: 0}
    - target: {fileID: 6989137476528333120, guid: 26f05b8b5360ec44bb8fcda821e14e4c, type: 3}
      propertyPath: m_LocalPosition.y
      value: 0
      objectReference: {fileID: 0}
    - target: {fileID: 6989137476528333120, guid: 26f05b8b5360ec44bb8fcda821e14e4c, type: 3}
      propertyPath: m_LocalPosition.z
      value: -2
      objectReference: {fileID: 0}
    - target: {fileID: 6989137476528333120, guid: 26f05b8b5360ec44bb8fcda821e14e4c, type: 3}
      propertyPath: m_LocalRotation.x
      value: -0
      objectReference: {fileID: 0}
    - target: {fileID: 6989137476528333120, guid: 26f05b8b5360ec44bb8fcda821e14e4c, type: 3}
      propertyPath: m_LocalRotation.y
      value: -0
      objectReference: {fileID: 0}
    - target: {fileID: 6989137476528333120, guid: 26f05b8b5360ec44bb8fcda821e14e4c, type: 3}
      propertyPath: m_LocalRotation.z
      value: -0
      objectReference: {fileID: 0}
    - target: {fileID: 6989137476528333120, guid: 26f05b8b5360ec44bb8fcda821e14e4c, type: 3}
      propertyPath: m_LocalRotation.w
      value: 1
      objectReference: {fileID: 0}
    - target: {fileID: 6989137476528333120, guid: 26f05b8b5360ec44bb8fcda821e14e4c, type: 3}
      propertyPath: m_RootOrder
      value: 1
      objectReference: {fileID: 0}
    - target: {fileID: 6989137476528333120, guid: 26f05b8b5360ec44bb8fcda821e14e4c, type: 3}
      propertyPath: m_LocalEulerAnglesHint.x
      value: 0
      objectReference: {fileID: 0}
    - target: {fileID: 6989137476528333120, guid: 26f05b8b5360ec44bb8fcda821e14e4c, type: 3}
      propertyPath: m_LocalEulerAnglesHint.y
      value: 0
      objectReference: {fileID: 0}
    - target: {fileID: 6989137476528333120, guid: 26f05b8b5360ec44bb8fcda821e14e4c, type: 3}
      propertyPath: m_LocalEulerAnglesHint.z
      value: 0
      objectReference: {fileID: 0}
    - target: {fileID: 8541550531009497077, guid: 26f05b8b5360ec44bb8fcda821e14e4c, type: 3}
      propertyPath: m_Name
      value: InnerWallLowM 001 Prefab
      objectReference: {fileID: 0}
    m_RemovedComponents: []
  m_SourcePrefab: {fileID: 100100000, guid: 26f05b8b5360ec44bb8fcda821e14e4c, type: 3}
--- !u!4 &8554924530497680684 stripped
Transform:
  m_CorrespondingSourceObject: {fileID: 6989137476528333120, guid: 26f05b8b5360ec44bb8fcda821e14e4c, type: 3}
  m_PrefabInstance: {fileID: 1605345293186995308}
  m_PrefabAsset: {fileID: 0}
--- !u!1001 &2334559523254031790
PrefabInstance:
  m_ObjectHideFlags: 0
  serializedVersion: 2
  m_Modification:
    m_TransformParent: {fileID: 2625647670132316620}
    m_Modifications:
    - target: {fileID: 4247419262922338402, guid: 316f2bb715eeabf4cb24d640b2672ad2, type: 3}
      propertyPath: m_Name
      value: CanonBlockPrefab (1)
      objectReference: {fileID: 0}
    - target: {fileID: 6316190806311466482, guid: 316f2bb715eeabf4cb24d640b2672ad2, type: 3}
      propertyPath: m_LocalPosition.x
      value: 1
      objectReference: {fileID: 0}
    - target: {fileID: 6316190806311466482, guid: 316f2bb715eeabf4cb24d640b2672ad2, type: 3}
      propertyPath: m_LocalPosition.y
      value: 0
      objectReference: {fileID: 0}
    - target: {fileID: 6316190806311466482, guid: 316f2bb715eeabf4cb24d640b2672ad2, type: 3}
      propertyPath: m_LocalPosition.z
      value: -1
      objectReference: {fileID: 0}
    - target: {fileID: 6316190806311466482, guid: 316f2bb715eeabf4cb24d640b2672ad2, type: 3}
      propertyPath: m_LocalRotation.x
      value: 0
      objectReference: {fileID: 0}
    - target: {fileID: 6316190806311466482, guid: 316f2bb715eeabf4cb24d640b2672ad2, type: 3}
      propertyPath: m_LocalRotation.y
      value: 0
      objectReference: {fileID: 0}
    - target: {fileID: 6316190806311466482, guid: 316f2bb715eeabf4cb24d640b2672ad2, type: 3}
      propertyPath: m_LocalRotation.z
      value: 0
      objectReference: {fileID: 0}
    - target: {fileID: 6316190806311466482, guid: 316f2bb715eeabf4cb24d640b2672ad2, type: 3}
      propertyPath: m_LocalRotation.w
      value: 1
      objectReference: {fileID: 0}
    - target: {fileID: 6316190806311466482, guid: 316f2bb715eeabf4cb24d640b2672ad2, type: 3}
      propertyPath: m_RootOrder
      value: 3
      objectReference: {fileID: 0}
    - target: {fileID: 6316190806311466482, guid: 316f2bb715eeabf4cb24d640b2672ad2, type: 3}
      propertyPath: m_LocalEulerAnglesHint.x
      value: 0
      objectReference: {fileID: 0}
    - target: {fileID: 6316190806311466482, guid: 316f2bb715eeabf4cb24d640b2672ad2, type: 3}
      propertyPath: m_LocalEulerAnglesHint.y
      value: 0
      objectReference: {fileID: 0}
    - target: {fileID: 6316190806311466482, guid: 316f2bb715eeabf4cb24d640b2672ad2, type: 3}
      propertyPath: m_LocalEulerAnglesHint.z
      value: 0
      objectReference: {fileID: 0}
    m_RemovedComponents: []
  m_SourcePrefab: {fileID: 100100000, guid: 316f2bb715eeabf4cb24d640b2672ad2, type: 3}
--- !u!4 &8629349432473133148 stripped
Transform:
  m_CorrespondingSourceObject: {fileID: 6316190806311466482, guid: 316f2bb715eeabf4cb24d640b2672ad2, type: 3}
  m_PrefabInstance: {fileID: 2334559523254031790}
  m_PrefabAsset: {fileID: 0}
--- !u!1001 &3716123864847766045
PrefabInstance:
  m_ObjectHideFlags: 0
  serializedVersion: 2
  m_Modification:
    m_TransformParent: {fileID: 5408579450174209537}
    m_Modifications:
    - target: {fileID: 6989137476528333120, guid: 26f05b8b5360ec44bb8fcda821e14e4c, type: 3}
      propertyPath: m_LocalPosition.x
      value: -1
      objectReference: {fileID: 0}
    - target: {fileID: 6989137476528333120, guid: 26f05b8b5360ec44bb8fcda821e14e4c, type: 3}
      propertyPath: m_LocalPosition.y
      value: 0
      objectReference: {fileID: 0}
    - target: {fileID: 6989137476528333120, guid: 26f05b8b5360ec44bb8fcda821e14e4c, type: 3}
      propertyPath: m_LocalPosition.z
      value: -2
      objectReference: {fileID: 0}
    - target: {fileID: 6989137476528333120, guid: 26f05b8b5360ec44bb8fcda821e14e4c, type: 3}
      propertyPath: m_LocalRotation.x
      value: -0
      objectReference: {fileID: 0}
    - target: {fileID: 6989137476528333120, guid: 26f05b8b5360ec44bb8fcda821e14e4c, type: 3}
      propertyPath: m_LocalRotation.y
      value: -0
      objectReference: {fileID: 0}
    - target: {fileID: 6989137476528333120, guid: 26f05b8b5360ec44bb8fcda821e14e4c, type: 3}
      propertyPath: m_LocalRotation.z
      value: -0
      objectReference: {fileID: 0}
    - target: {fileID: 6989137476528333120, guid: 26f05b8b5360ec44bb8fcda821e14e4c, type: 3}
      propertyPath: m_LocalRotation.w
      value: 1
      objectReference: {fileID: 0}
    - target: {fileID: 6989137476528333120, guid: 26f05b8b5360ec44bb8fcda821e14e4c, type: 3}
      propertyPath: m_RootOrder
      value: 3
      objectReference: {fileID: 0}
    - target: {fileID: 6989137476528333120, guid: 26f05b8b5360ec44bb8fcda821e14e4c, type: 3}
      propertyPath: m_LocalEulerAnglesHint.x
      value: 0
      objectReference: {fileID: 0}
    - target: {fileID: 6989137476528333120, guid: 26f05b8b5360ec44bb8fcda821e14e4c, type: 3}
      propertyPath: m_LocalEulerAnglesHint.y
      value: 0
      objectReference: {fileID: 0}
    - target: {fileID: 6989137476528333120, guid: 26f05b8b5360ec44bb8fcda821e14e4c, type: 3}
      propertyPath: m_LocalEulerAnglesHint.z
      value: 0
      objectReference: {fileID: 0}
    - target: {fileID: 8541550531009497077, guid: 26f05b8b5360ec44bb8fcda821e14e4c, type: 3}
      propertyPath: m_Name
      value: InnerWallLowM 001 Prefab (3)
      objectReference: {fileID: 0}
    m_RemovedComponents: []
  m_SourcePrefab: {fileID: 100100000, guid: 26f05b8b5360ec44bb8fcda821e14e4c, type: 3}
--- !u!4 &6011238385288295261 stripped
Transform:
  m_CorrespondingSourceObject: {fileID: 6989137476528333120, guid: 26f05b8b5360ec44bb8fcda821e14e4c, type: 3}
  m_PrefabInstance: {fileID: 3716123864847766045}
  m_PrefabAsset: {fileID: 0}
--- !u!1001 &4023092241367832864
PrefabInstance:
  m_ObjectHideFlags: 0
  serializedVersion: 2
  m_Modification:
    m_TransformParent: {fileID: 5408579450174209537}
    m_Modifications:
    - target: {fileID: 6989137476528333120, guid: 26f05b8b5360ec44bb8fcda821e14e4c, type: 3}
      propertyPath: m_LocalPosition.x
      value: 3
      objectReference: {fileID: 0}
    - target: {fileID: 6989137476528333120, guid: 26f05b8b5360ec44bb8fcda821e14e4c, type: 3}
      propertyPath: m_LocalPosition.y
      value: 0
      objectReference: {fileID: 0}
    - target: {fileID: 6989137476528333120, guid: 26f05b8b5360ec44bb8fcda821e14e4c, type: 3}
      propertyPath: m_LocalPosition.z
      value: -2
      objectReference: {fileID: 0}
    - target: {fileID: 6989137476528333120, guid: 26f05b8b5360ec44bb8fcda821e14e4c, type: 3}
      propertyPath: m_LocalRotation.x
      value: -0
      objectReference: {fileID: 0}
    - target: {fileID: 6989137476528333120, guid: 26f05b8b5360ec44bb8fcda821e14e4c, type: 3}
      propertyPath: m_LocalRotation.y
      value: -0
      objectReference: {fileID: 0}
    - target: {fileID: 6989137476528333120, guid: 26f05b8b5360ec44bb8fcda821e14e4c, type: 3}
      propertyPath: m_LocalRotation.z
      value: -0
      objectReference: {fileID: 0}
    - target: {fileID: 6989137476528333120, guid: 26f05b8b5360ec44bb8fcda821e14e4c, type: 3}
      propertyPath: m_LocalRotation.w
      value: 1
      objectReference: {fileID: 0}
    - target: {fileID: 6989137476528333120, guid: 26f05b8b5360ec44bb8fcda821e14e4c, type: 3}
      propertyPath: m_RootOrder
      value: 0
      objectReference: {fileID: 0}
    - target: {fileID: 6989137476528333120, guid: 26f05b8b5360ec44bb8fcda821e14e4c, type: 3}
      propertyPath: m_LocalEulerAnglesHint.x
      value: 0
      objectReference: {fileID: 0}
    - target: {fileID: 6989137476528333120, guid: 26f05b8b5360ec44bb8fcda821e14e4c, type: 3}
      propertyPath: m_LocalEulerAnglesHint.y
      value: 0
      objectReference: {fileID: 0}
    - target: {fileID: 6989137476528333120, guid: 26f05b8b5360ec44bb8fcda821e14e4c, type: 3}
      propertyPath: m_LocalEulerAnglesHint.z
      value: 0
      objectReference: {fileID: 0}
    - target: {fileID: 8541550531009497077, guid: 26f05b8b5360ec44bb8fcda821e14e4c, type: 3}
      propertyPath: m_Name
      value: InnerWallLowM 001 Prefab (1)
      objectReference: {fileID: 0}
    m_RemovedComponents: []
  m_SourcePrefab: {fileID: 100100000, guid: 26f05b8b5360ec44bb8fcda821e14e4c, type: 3}
--- !u!4 &6280976207715203168 stripped
Transform:
  m_CorrespondingSourceObject: {fileID: 6989137476528333120, guid: 26f05b8b5360ec44bb8fcda821e14e4c, type: 3}
  m_PrefabInstance: {fileID: 4023092241367832864}
  m_PrefabAsset: {fileID: 0}
--- !u!1001 &5947930475530467297
PrefabInstance:
  m_ObjectHideFlags: 0
  serializedVersion: 2
  m_Modification:
    m_TransformParent: {fileID: 2625647670132316620}
    m_Modifications:
    - target: {fileID: 4247419262922338402, guid: 316f2bb715eeabf4cb24d640b2672ad2, type: 3}
      propertyPath: m_Name
      value: CanonBlockPrefab (3)
      objectReference: {fileID: 0}
    - target: {fileID: 6316190806311466482, guid: 316f2bb715eeabf4cb24d640b2672ad2, type: 3}
      propertyPath: m_LocalPosition.x
      value: 3
      objectReference: {fileID: 0}
    - target: {fileID: 6316190806311466482, guid: 316f2bb715eeabf4cb24d640b2672ad2, type: 3}
      propertyPath: m_LocalPosition.y
      value: 0
      objectReference: {fileID: 0}
    - target: {fileID: 6316190806311466482, guid: 316f2bb715eeabf4cb24d640b2672ad2, type: 3}
      propertyPath: m_LocalPosition.z
      value: 9
      objectReference: {fileID: 0}
    - target: {fileID: 6316190806311466482, guid: 316f2bb715eeabf4cb24d640b2672ad2, type: 3}
      propertyPath: m_LocalRotation.x
      value: 0
      objectReference: {fileID: 0}
    - target: {fileID: 6316190806311466482, guid: 316f2bb715eeabf4cb24d640b2672ad2, type: 3}
      propertyPath: m_LocalRotation.y
      value: 1
      objectReference: {fileID: 0}
    - target: {fileID: 6316190806311466482, guid: 316f2bb715eeabf4cb24d640b2672ad2, type: 3}
      propertyPath: m_LocalRotation.z
      value: 0
      objectReference: {fileID: 0}
    - target: {fileID: 6316190806311466482, guid: 316f2bb715eeabf4cb24d640b2672ad2, type: 3}
      propertyPath: m_LocalRotation.w
      value: 0
      objectReference: {fileID: 0}
    - target: {fileID: 6316190806311466482, guid: 316f2bb715eeabf4cb24d640b2672ad2, type: 3}
      propertyPath: m_RootOrder
      value: 2
      objectReference: {fileID: 0}
    - target: {fileID: 6316190806311466482, guid: 316f2bb715eeabf4cb24d640b2672ad2, type: 3}
      propertyPath: m_LocalEulerAnglesHint.x
      value: 0
      objectReference: {fileID: 0}
    - target: {fileID: 6316190806311466482, guid: 316f2bb715eeabf4cb24d640b2672ad2, type: 3}
      propertyPath: m_LocalEulerAnglesHint.y
      value: 180
      objectReference: {fileID: 0}
    - target: {fileID: 6316190806311466482, guid: 316f2bb715eeabf4cb24d640b2672ad2, type: 3}
      propertyPath: m_LocalEulerAnglesHint.z
      value: 0
      objectReference: {fileID: 0}
    m_RemovedComponents: []
  m_SourcePrefab: {fileID: 100100000, guid: 316f2bb715eeabf4cb24d640b2672ad2, type: 3}
--- !u!4 &372907425272873491 stripped
Transform:
  m_CorrespondingSourceObject: {fileID: 6316190806311466482, guid: 316f2bb715eeabf4cb24d640b2672ad2, type: 3}
  m_PrefabInstance: {fileID: 5947930475530467297}
  m_PrefabAsset: {fileID: 0}
--- !u!1001 &6559261376854887516
PrefabInstance:
  m_ObjectHideFlags: 0
  serializedVersion: 2
  m_Modification:
    m_TransformParent: {fileID: 2781363515662168086}
    m_Modifications:
    - target: {fileID: 5039005815423193056, guid: 54045c6ac3c8f8944824e641affe4dc0, type: 3}
      propertyPath: m_Name
      value: CornerOut 001 Prefab
      objectReference: {fileID: 0}
    - target: {fileID: 5039005815423193056, guid: 54045c6ac3c8f8944824e641affe4dc0, type: 3}
      propertyPath: m_IsActive
      value: 1
      objectReference: {fileID: 0}
    - target: {fileID: 7338277570128401368, guid: 54045c6ac3c8f8944824e641affe4dc0, type: 3}
      propertyPath: m_LocalPosition.x
      value: 0
      objectReference: {fileID: 0}
    - target: {fileID: 7338277570128401368, guid: 54045c6ac3c8f8944824e641affe4dc0, type: 3}
      propertyPath: m_LocalPosition.y
      value: 0
      objectReference: {fileID: 0}
    - target: {fileID: 7338277570128401368, guid: 54045c6ac3c8f8944824e641affe4dc0, type: 3}
      propertyPath: m_LocalPosition.z
      value: 1
      objectReference: {fileID: 0}
    - target: {fileID: 7338277570128401368, guid: 54045c6ac3c8f8944824e641affe4dc0, type: 3}
      propertyPath: m_LocalRotation.x
      value: -0
      objectReference: {fileID: 0}
    - target: {fileID: 7338277570128401368, guid: 54045c6ac3c8f8944824e641affe4dc0, type: 3}
      propertyPath: m_LocalRotation.y
      value: -0
      objectReference: {fileID: 0}
    - target: {fileID: 7338277570128401368, guid: 54045c6ac3c8f8944824e641affe4dc0, type: 3}
      propertyPath: m_LocalRotation.z
      value: -0
      objectReference: {fileID: 0}
    - target: {fileID: 7338277570128401368, guid: 54045c6ac3c8f8944824e641affe4dc0, type: 3}
      propertyPath: m_LocalRotation.w
      value: 1
      objectReference: {fileID: 0}
    - target: {fileID: 7338277570128401368, guid: 54045c6ac3c8f8944824e641affe4dc0, type: 3}
      propertyPath: m_RootOrder
      value: 1
      objectReference: {fileID: 0}
    - target: {fileID: 7338277570128401368, guid: 54045c6ac3c8f8944824e641affe4dc0, type: 3}
      propertyPath: m_LocalEulerAnglesHint.x
      value: 0
      objectReference: {fileID: 0}
    - target: {fileID: 7338277570128401368, guid: 54045c6ac3c8f8944824e641affe4dc0, type: 3}
      propertyPath: m_LocalEulerAnglesHint.y
      value: 0
      objectReference: {fileID: 0}
    - target: {fileID: 7338277570128401368, guid: 54045c6ac3c8f8944824e641affe4dc0, type: 3}
      propertyPath: m_LocalEulerAnglesHint.z
      value: 0
      objectReference: {fileID: 0}
    m_RemovedComponents: []
  m_SourcePrefab: {fileID: 100100000, guid: 54045c6ac3c8f8944824e641affe4dc0, type: 3}
--- !u!4 &4526647494328213380 stripped
Transform:
  m_CorrespondingSourceObject: {fileID: 7338277570128401368, guid: 54045c6ac3c8f8944824e641affe4dc0, type: 3}
  m_PrefabInstance: {fileID: 6559261376854887516}
  m_PrefabAsset: {fileID: 0}
--- !u!1001 &7165010776012949232
PrefabInstance:
  m_ObjectHideFlags: 0
  serializedVersion: 2
  m_Modification:
    m_TransformParent: {fileID: 2625647670132316620}
    m_Modifications:
    - target: {fileID: 4303279276758484269, guid: a02ecf7bf6989d84e958dbc0ec3984b3, type: 3}
      propertyPath: m_Name
      value: AmbientAudioSourcePrefab
      objectReference: {fileID: 0}
    - target: {fileID: 6335696517897607489, guid: a02ecf7bf6989d84e958dbc0ec3984b3, type: 3}
      propertyPath: m_LocalPosition.x
      value: 0
      objectReference: {fileID: 0}
    - target: {fileID: 6335696517897607489, guid: a02ecf7bf6989d84e958dbc0ec3984b3, type: 3}
      propertyPath: m_LocalPosition.y
      value: 0
      objectReference: {fileID: 0}
    - target: {fileID: 6335696517897607489, guid: a02ecf7bf6989d84e958dbc0ec3984b3, type: 3}
      propertyPath: m_LocalPosition.z
      value: 0
      objectReference: {fileID: 0}
    - target: {fileID: 6335696517897607489, guid: a02ecf7bf6989d84e958dbc0ec3984b3, type: 3}
      propertyPath: m_LocalRotation.x
      value: -0
      objectReference: {fileID: 0}
    - target: {fileID: 6335696517897607489, guid: a02ecf7bf6989d84e958dbc0ec3984b3, type: 3}
      propertyPath: m_LocalRotation.y
      value: -0
      objectReference: {fileID: 0}
    - target: {fileID: 6335696517897607489, guid: a02ecf7bf6989d84e958dbc0ec3984b3, type: 3}
      propertyPath: m_LocalRotation.z
      value: -0
      objectReference: {fileID: 0}
    - target: {fileID: 6335696517897607489, guid: a02ecf7bf6989d84e958dbc0ec3984b3, type: 3}
      propertyPath: m_LocalRotation.w
      value: 1
      objectReference: {fileID: 0}
    - target: {fileID: 6335696517897607489, guid: a02ecf7bf6989d84e958dbc0ec3984b3, type: 3}
      propertyPath: m_RootOrder
      value: 6
      objectReference: {fileID: 0}
    - target: {fileID: 6335696517897607489, guid: a02ecf7bf6989d84e958dbc0ec3984b3, type: 3}
      propertyPath: m_LocalEulerAnglesHint.x
      value: 0
      objectReference: {fileID: 0}
    - target: {fileID: 6335696517897607489, guid: a02ecf7bf6989d84e958dbc0ec3984b3, type: 3}
      propertyPath: m_LocalEulerAnglesHint.y
      value: 0
      objectReference: {fileID: 0}
    - target: {fileID: 6335696517897607489, guid: a02ecf7bf6989d84e958dbc0ec3984b3, type: 3}
      propertyPath: m_LocalEulerAnglesHint.z
      value: 0
      objectReference: {fileID: 0}
    m_RemovedComponents: []
  m_SourcePrefab: {fileID: 100100000, guid: a02ecf7bf6989d84e958dbc0ec3984b3, type: 3}
--- !u!4 &3784098169796583345 stripped
Transform:
  m_CorrespondingSourceObject: {fileID: 6335696517897607489, guid: a02ecf7bf6989d84e958dbc0ec3984b3, type: 3}
  m_PrefabInstance: {fileID: 7165010776012949232}
  m_PrefabAsset: {fileID: 0}
--- !u!1001 &7422396618635119226
PrefabInstance:
  m_ObjectHideFlags: 0
  serializedVersion: 2
  m_Modification:
    m_TransformParent: {fileID: 2625647670132316620}
    m_Modifications:
    - target: {fileID: 4247419262922338402, guid: 316f2bb715eeabf4cb24d640b2672ad2, type: 3}
      propertyPath: m_Name
      value: CanonBlockPrefab (2)
      objectReference: {fileID: 0}
    - target: {fileID: 6316190806311466482, guid: 316f2bb715eeabf4cb24d640b2672ad2, type: 3}
      propertyPath: m_LocalPosition.x
      value: -3
      objectReference: {fileID: 0}
    - target: {fileID: 6316190806311466482, guid: 316f2bb715eeabf4cb24d640b2672ad2, type: 3}
      propertyPath: m_LocalPosition.y
      value: 0
      objectReference: {fileID: 0}
    - target: {fileID: 6316190806311466482, guid: 316f2bb715eeabf4cb24d640b2672ad2, type: 3}
      propertyPath: m_LocalPosition.z
      value: 6
      objectReference: {fileID: 0}
    - target: {fileID: 6316190806311466482, guid: 316f2bb715eeabf4cb24d640b2672ad2, type: 3}
      propertyPath: m_LocalRotation.x
      value: 0
      objectReference: {fileID: 0}
    - target: {fileID: 6316190806311466482, guid: 316f2bb715eeabf4cb24d640b2672ad2, type: 3}
      propertyPath: m_LocalRotation.y
      value: 0.7071068
      objectReference: {fileID: 0}
    - target: {fileID: 6316190806311466482, guid: 316f2bb715eeabf4cb24d640b2672ad2, type: 3}
      propertyPath: m_LocalRotation.z
      value: 0
      objectReference: {fileID: 0}
    - target: {fileID: 6316190806311466482, guid: 316f2bb715eeabf4cb24d640b2672ad2, type: 3}
      propertyPath: m_LocalRotation.w
      value: 0.7071068
      objectReference: {fileID: 0}
    - target: {fileID: 6316190806311466482, guid: 316f2bb715eeabf4cb24d640b2672ad2, type: 3}
      propertyPath: m_RootOrder
      value: 1
      objectReference: {fileID: 0}
    - target: {fileID: 6316190806311466482, guid: 316f2bb715eeabf4cb24d640b2672ad2, type: 3}
      propertyPath: m_LocalEulerAnglesHint.x
      value: 0
      objectReference: {fileID: 0}
    - target: {fileID: 6316190806311466482, guid: 316f2bb715eeabf4cb24d640b2672ad2, type: 3}
      propertyPath: m_LocalEulerAnglesHint.y
      value: 90
      objectReference: {fileID: 0}
    - target: {fileID: 6316190806311466482, guid: 316f2bb715eeabf4cb24d640b2672ad2, type: 3}
      propertyPath: m_LocalEulerAnglesHint.z
      value: 0
      objectReference: {fileID: 0}
    m_RemovedComponents: []
  m_SourcePrefab: {fileID: 100100000, guid: 316f2bb715eeabf4cb24d640b2672ad2, type: 3}
--- !u!4 &3505551434915970952 stripped
Transform:
  m_CorrespondingSourceObject: {fileID: 6316190806311466482, guid: 316f2bb715eeabf4cb24d640b2672ad2, type: 3}
  m_PrefabInstance: {fileID: 7422396618635119226}
  m_PrefabAsset: {fileID: 0}
--- !u!1001 &7941529795502203410
PrefabInstance:
  m_ObjectHideFlags: 0
  serializedVersion: 2
  m_Modification:
    m_TransformParent: {fileID: 2781363515662168086}
    m_Modifications:
    - target: {fileID: 5039005815423193056, guid: 54045c6ac3c8f8944824e641affe4dc0, type: 3}
      propertyPath: m_Name
      value: CornerOut 001 Prefab (2)
      objectReference: {fileID: 0}
    - target: {fileID: 5039005815423193056, guid: 54045c6ac3c8f8944824e641affe4dc0, type: 3}
      propertyPath: m_IsActive
      value: 1
      objectReference: {fileID: 0}
    - target: {fileID: 7338277570128401368, guid: 54045c6ac3c8f8944824e641affe4dc0, type: 3}
      propertyPath: m_LocalPosition.x
      value: 1
      objectReference: {fileID: 0}
    - target: {fileID: 7338277570128401368, guid: 54045c6ac3c8f8944824e641affe4dc0, type: 3}
      propertyPath: m_LocalPosition.y
      value: 0
      objectReference: {fileID: 0}
    - target: {fileID: 7338277570128401368, guid: 54045c6ac3c8f8944824e641affe4dc0, type: 3}
      propertyPath: m_LocalPosition.z
      value: 6
      objectReference: {fileID: 0}
    - target: {fileID: 7338277570128401368, guid: 54045c6ac3c8f8944824e641affe4dc0, type: 3}
      propertyPath: m_LocalRotation.x
      value: -0
      objectReference: {fileID: 0}
    - target: {fileID: 7338277570128401368, guid: 54045c6ac3c8f8944824e641affe4dc0, type: 3}
      propertyPath: m_LocalRotation.y
      value: 1
      objectReference: {fileID: 0}
    - target: {fileID: 7338277570128401368, guid: 54045c6ac3c8f8944824e641affe4dc0, type: 3}
      propertyPath: m_LocalRotation.z
      value: -0
      objectReference: {fileID: 0}
    - target: {fileID: 7338277570128401368, guid: 54045c6ac3c8f8944824e641affe4dc0, type: 3}
      propertyPath: m_LocalRotation.w
      value: 0
      objectReference: {fileID: 0}
    - target: {fileID: 7338277570128401368, guid: 54045c6ac3c8f8944824e641affe4dc0, type: 3}
      propertyPath: m_RootOrder
      value: 2
      objectReference: {fileID: 0}
    - target: {fileID: 7338277570128401368, guid: 54045c6ac3c8f8944824e641affe4dc0, type: 3}
      propertyPath: m_LocalEulerAnglesHint.x
      value: 0
      objectReference: {fileID: 0}
    - target: {fileID: 7338277570128401368, guid: 54045c6ac3c8f8944824e641affe4dc0, type: 3}
      propertyPath: m_LocalEulerAnglesHint.y
      value: 180
      objectReference: {fileID: 0}
    - target: {fileID: 7338277570128401368, guid: 54045c6ac3c8f8944824e641affe4dc0, type: 3}
      propertyPath: m_LocalEulerAnglesHint.z
      value: 0
      objectReference: {fileID: 0}
    m_RemovedComponents: []
  m_SourcePrefab: {fileID: 100100000, guid: 54045c6ac3c8f8944824e641affe4dc0, type: 3}
--- !u!4 &856589738150113738 stripped
Transform:
  m_CorrespondingSourceObject: {fileID: 7338277570128401368, guid: 54045c6ac3c8f8944824e641affe4dc0, type: 3}
  m_PrefabInstance: {fileID: 7941529795502203410}
  m_PrefabAsset: {fileID: 0}
--- !u!1001 &8515517401437156105
PrefabInstance:
  m_ObjectHideFlags: 0
  serializedVersion: 2
  m_Modification:
    m_TransformParent: {fileID: 5408579450174209537}
    m_Modifications:
    - target: {fileID: 6989137476528333120, guid: 26f05b8b5360ec44bb8fcda821e14e4c, type: 3}
      propertyPath: m_LocalPosition.x
      value: -3
      objectReference: {fileID: 0}
    - target: {fileID: 6989137476528333120, guid: 26f05b8b5360ec44bb8fcda821e14e4c, type: 3}
      propertyPath: m_LocalPosition.y
      value: 0
      objectReference: {fileID: 0}
    - target: {fileID: 6989137476528333120, guid: 26f05b8b5360ec44bb8fcda821e14e4c, type: 3}
      propertyPath: m_LocalPosition.z
      value: -2
      objectReference: {fileID: 0}
    - target: {fileID: 6989137476528333120, guid: 26f05b8b5360ec44bb8fcda821e14e4c, type: 3}
      propertyPath: m_LocalRotation.x
      value: -0
      objectReference: {fileID: 0}
    - target: {fileID: 6989137476528333120, guid: 26f05b8b5360ec44bb8fcda821e14e4c, type: 3}
      propertyPath: m_LocalRotation.y
      value: -0
      objectReference: {fileID: 0}
    - target: {fileID: 6989137476528333120, guid: 26f05b8b5360ec44bb8fcda821e14e4c, type: 3}
      propertyPath: m_LocalRotation.z
      value: -0
      objectReference: {fileID: 0}
    - target: {fileID: 6989137476528333120, guid: 26f05b8b5360ec44bb8fcda821e14e4c, type: 3}
      propertyPath: m_LocalRotation.w
      value: 1
      objectReference: {fileID: 0}
    - target: {fileID: 6989137476528333120, guid: 26f05b8b5360ec44bb8fcda821e14e4c, type: 3}
      propertyPath: m_RootOrder
      value: 2
      objectReference: {fileID: 0}
    - target: {fileID: 6989137476528333120, guid: 26f05b8b5360ec44bb8fcda821e14e4c, type: 3}
      propertyPath: m_LocalEulerAnglesHint.x
      value: 0
      objectReference: {fileID: 0}
    - target: {fileID: 6989137476528333120, guid: 26f05b8b5360ec44bb8fcda821e14e4c, type: 3}
      propertyPath: m_LocalEulerAnglesHint.y
      value: 0
      objectReference: {fileID: 0}
    - target: {fileID: 6989137476528333120, guid: 26f05b8b5360ec44bb8fcda821e14e4c, type: 3}
      propertyPath: m_LocalEulerAnglesHint.z
      value: 0
      objectReference: {fileID: 0}
    - target: {fileID: 8541550531009497077, guid: 26f05b8b5360ec44bb8fcda821e14e4c, type: 3}
      propertyPath: m_Name
      value: InnerWallLowM 001 Prefab (2)
      objectReference: {fileID: 0}
    m_RemovedComponents: []
  m_SourcePrefab: {fileID: 100100000, guid: 26f05b8b5360ec44bb8fcda821e14e4c, type: 3}
--- !u!4 &1644753347846525513 stripped
Transform:
  m_CorrespondingSourceObject: {fileID: 6989137476528333120, guid: 26f05b8b5360ec44bb8fcda821e14e4c, type: 3}
  m_PrefabInstance: {fileID: 8515517401437156105}
  m_PrefabAsset: {fileID: 0}
--- !u!1001 &8627674871678303162
PrefabInstance:
  m_ObjectHideFlags: 0
  serializedVersion: 2
  m_Modification:
    m_TransformParent: {fileID: 2625647670132316620}
    m_Modifications:
    - target: {fileID: 6312652399773581572, guid: f494d356ec128944c96269f6338f7069, type: 3}
      propertyPath: m_LocalPosition.x
      value: 0
      objectReference: {fileID: 0}
    - target: {fileID: 6312652399773581572, guid: f494d356ec128944c96269f6338f7069, type: 3}
      propertyPath: m_LocalPosition.y
      value: 0
      objectReference: {fileID: 0}
    - target: {fileID: 6312652399773581572, guid: f494d356ec128944c96269f6338f7069, type: 3}
      propertyPath: m_LocalPosition.z
      value: 8
      objectReference: {fileID: 0}
    - target: {fileID: 6312652399773581572, guid: f494d356ec128944c96269f6338f7069, type: 3}
      propertyPath: m_LocalRotation.x
      value: 0
      objectReference: {fileID: 0}
    - target: {fileID: 6312652399773581572, guid: f494d356ec128944c96269f6338f7069, type: 3}
      propertyPath: m_LocalRotation.y
      value: 1
      objectReference: {fileID: 0}
    - target: {fileID: 6312652399773581572, guid: f494d356ec128944c96269f6338f7069, type: 3}
      propertyPath: m_LocalRotation.z
      value: 0
      objectReference: {fileID: 0}
    - target: {fileID: 6312652399773581572, guid: f494d356ec128944c96269f6338f7069, type: 3}
      propertyPath: m_LocalRotation.w
      value: 0
      objectReference: {fileID: 0}
    - target: {fileID: 6312652399773581572, guid: f494d356ec128944c96269f6338f7069, type: 3}
      propertyPath: m_RootOrder
      value: 5
      objectReference: {fileID: 0}
    - target: {fileID: 6312652399773581572, guid: f494d356ec128944c96269f6338f7069, type: 3}
      propertyPath: m_LocalEulerAnglesHint.x
      value: 0
      objectReference: {fileID: 0}
    - target: {fileID: 6312652399773581572, guid: f494d356ec128944c96269f6338f7069, type: 3}
      propertyPath: m_LocalEulerAnglesHint.y
      value: 180
      objectReference: {fileID: 0}
    - target: {fileID: 6312652399773581572, guid: f494d356ec128944c96269f6338f7069, type: 3}
      propertyPath: m_LocalEulerAnglesHint.z
      value: 0
      objectReference: {fileID: 0}
    - target: {fileID: 6312652399773581573, guid: f494d356ec128944c96269f6338f7069, type: 3}
      propertyPath: m_Name
      value: ExitWarp 001 Prefab
      objectReference: {fileID: 0}
    - target: {fileID: 6312652399773581573, guid: f494d356ec128944c96269f6338f7069, type: 3}
      propertyPath: m_IsActive
      value: 1
      objectReference: {fileID: 0}
    m_RemovedComponents: []
  m_SourcePrefab: {fileID: 100100000, guid: f494d356ec128944c96269f6338f7069, type: 3}
--- !u!4 &2315029965683784382 stripped
Transform:
  m_CorrespondingSourceObject: {fileID: 6312652399773581572, guid: f494d356ec128944c96269f6338f7069, type: 3}
  m_PrefabInstance: {fileID: 8627674871678303162}
  m_PrefabAsset: {fileID: 0}
--- !u!1001 &8986810239016296982
PrefabInstance:
  m_ObjectHideFlags: 0
  serializedVersion: 2
  m_Modification:
    m_TransformParent: {fileID: 2781363515662168086}
    m_Modifications:
    - target: {fileID: 5039005815423193056, guid: 54045c6ac3c8f8944824e641affe4dc0, type: 3}
      propertyPath: m_Name
      value: CornerOut 001 Prefab (1)
      objectReference: {fileID: 0}
    - target: {fileID: 5039005815423193056, guid: 54045c6ac3c8f8944824e641affe4dc0, type: 3}
      propertyPath: m_IsActive
      value: 1
      objectReference: {fileID: 0}
    - target: {fileID: 7338277570128401368, guid: 54045c6ac3c8f8944824e641affe4dc0, type: 3}
      propertyPath: m_LocalPosition.x
      value: 0
      objectReference: {fileID: 0}
    - target: {fileID: 7338277570128401368, guid: 54045c6ac3c8f8944824e641affe4dc0, type: 3}
      propertyPath: m_LocalPosition.y
      value: 0
      objectReference: {fileID: 0}
    - target: {fileID: 7338277570128401368, guid: 54045c6ac3c8f8944824e641affe4dc0, type: 3}
      propertyPath: m_LocalPosition.z
      value: 2
      objectReference: {fileID: 0}
    - target: {fileID: 7338277570128401368, guid: 54045c6ac3c8f8944824e641affe4dc0, type: 3}
      propertyPath: m_LocalRotation.x
      value: -0
      objectReference: {fileID: 0}
    - target: {fileID: 7338277570128401368, guid: 54045c6ac3c8f8944824e641affe4dc0, type: 3}
      propertyPath: m_LocalRotation.y
      value: 0.7071068
      objectReference: {fileID: 0}
    - target: {fileID: 7338277570128401368, guid: 54045c6ac3c8f8944824e641affe4dc0, type: 3}
      propertyPath: m_LocalRotation.z
      value: -0
      objectReference: {fileID: 0}
    - target: {fileID: 7338277570128401368, guid: 54045c6ac3c8f8944824e641affe4dc0, type: 3}
      propertyPath: m_LocalRotation.w
      value: 0.7071068
      objectReference: {fileID: 0}
    - target: {fileID: 7338277570128401368, guid: 54045c6ac3c8f8944824e641affe4dc0, type: 3}
      propertyPath: m_RootOrder
      value: 0
      objectReference: {fileID: 0}
    - target: {fileID: 7338277570128401368, guid: 54045c6ac3c8f8944824e641affe4dc0, type: 3}
      propertyPath: m_LocalEulerAnglesHint.x
      value: 0
      objectReference: {fileID: 0}
    - target: {fileID: 7338277570128401368, guid: 54045c6ac3c8f8944824e641affe4dc0, type: 3}
      propertyPath: m_LocalEulerAnglesHint.y
      value: 90
      objectReference: {fileID: 0}
    - target: {fileID: 7338277570128401368, guid: 54045c6ac3c8f8944824e641affe4dc0, type: 3}
      propertyPath: m_LocalEulerAnglesHint.z
      value: 0
      objectReference: {fileID: 0}
    m_RemovedComponents: []
  m_SourcePrefab: {fileID: 100100000, guid: 54045c6ac3c8f8944824e641affe4dc0, type: 3}
--- !u!4 &1828845030879572430 stripped
Transform:
  m_CorrespondingSourceObject: {fileID: 7338277570128401368, guid: 54045c6ac3c8f8944824e641affe4dc0, type: 3}
  m_PrefabInstance: {fileID: 8986810239016296982}
  m_PrefabAsset: {fileID: 0}
--- !u!1001 &9145875494052443797
PrefabInstance:
  m_ObjectHideFlags: 0
  serializedVersion: 2
  m_Modification:
    m_TransformParent: {fileID: 2625647670132316620}
    m_Modifications:
    - target: {fileID: 4247419262922338402, guid: 316f2bb715eeabf4cb24d640b2672ad2, type: 3}
      propertyPath: m_Name
      value: CanonBlockPrefab
      objectReference: {fileID: 0}
    - target: {fileID: 6316190806311466482, guid: 316f2bb715eeabf4cb24d640b2672ad2, type: 3}
      propertyPath: m_LocalPosition.x
      value: 4
      objectReference: {fileID: 0}
    - target: {fileID: 6316190806311466482, guid: 316f2bb715eeabf4cb24d640b2672ad2, type: 3}
      propertyPath: m_LocalPosition.y
      value: 0
      objectReference: {fileID: 0}
    - target: {fileID: 6316190806311466482, guid: 316f2bb715eeabf4cb24d640b2672ad2, type: 3}
      propertyPath: m_LocalPosition.z
      value: 0
      objectReference: {fileID: 0}
    - target: {fileID: 6316190806311466482, guid: 316f2bb715eeabf4cb24d640b2672ad2, type: 3}
      propertyPath: m_LocalRotation.x
      value: 0
      objectReference: {fileID: 0}
    - target: {fileID: 6316190806311466482, guid: 316f2bb715eeabf4cb24d640b2672ad2, type: 3}
      propertyPath: m_LocalRotation.y
      value: -0.7071068
      objectReference: {fileID: 0}
    - target: {fileID: 6316190806311466482, guid: 316f2bb715eeabf4cb24d640b2672ad2, type: 3}
      propertyPath: m_LocalRotation.z
      value: 0
      objectReference: {fileID: 0}
    - target: {fileID: 6316190806311466482, guid: 316f2bb715eeabf4cb24d640b2672ad2, type: 3}
      propertyPath: m_LocalRotation.w
      value: 0.7071068
      objectReference: {fileID: 0}
    - target: {fileID: 6316190806311466482, guid: 316f2bb715eeabf4cb24d640b2672ad2, type: 3}
      propertyPath: m_RootOrder
      value: 4
      objectReference: {fileID: 0}
    - target: {fileID: 6316190806311466482, guid: 316f2bb715eeabf4cb24d640b2672ad2, type: 3}
      propertyPath: m_LocalEulerAnglesHint.x
      value: 0
      objectReference: {fileID: 0}
    - target: {fileID: 6316190806311466482, guid: 316f2bb715eeabf4cb24d640b2672ad2, type: 3}
      propertyPath: m_LocalEulerAnglesHint.y
      value: -90
      objectReference: {fileID: 0}
    - target: {fileID: 6316190806311466482, guid: 316f2bb715eeabf4cb24d640b2672ad2, type: 3}
      propertyPath: m_LocalEulerAnglesHint.z
      value: 0
      objectReference: {fileID: 0}
    m_RemovedComponents: []
  m_SourcePrefab: {fileID: 100100000, guid: 316f2bb715eeabf4cb24d640b2672ad2, type: 3}
--- !u!4 &2975528452548608871 stripped
Transform:
  m_CorrespondingSourceObject: {fileID: 6316190806311466482, guid: 316f2bb715eeabf4cb24d640b2672ad2, type: 3}
  m_PrefabInstance: {fileID: 9145875494052443797}
  m_PrefabAsset: {fileID: 0}
